2596 4920
119 426 123 433 ’
283 432 327 511 D
368 429 405 506 E
445 423 487 504 D
527 422 547 502 I
583 421 617 500 C
656 425 696 502 A
737 422 778 502 T
819 425 839 507 Ι
876 428 926 507 0.

111 571 163 671 ab
180 605 225 667 eo
245 588 452 698 tempore,
475 567 678 694 ringatur
704 563 800 663 lieet
819 560 1002 681 invidia,
1036 570 1100 662 ita

111 718 432 850 administravi,
475 739 523 813 ut
534 714 710 846 semper
731 709 1101 854 Ampliffimorum

116 865 552 1009 Grauiffimorumque
578 866 797 995 Confidam
822 908 872 971 ae
886 867 1099 971 Schoino-

112 1026 311 1148 obarum,
332 1060 405 1125 nec
430 1030 568 1124 minus
592 1017 655 1120 V
651 1019 804 1150 esbum
816 1022 1025 1160 sanorem
1051 1056 1101 1120 ae

110 1179 459 1301 benevolentiam,
496 1176 557 1280 V
554 1183 614 1275 iri
635 1172 855 1309 Iniuustres,
872 1179 997 1321 nabars
1017 1212 1102 1281 nou

110 1345 246 1435 minus
275 1369 402 1469 quam
422 1328 566 1429 vorbis
579 1323 752 1460 firerim
772 1353 987 1460 expertus.
1030 1329 1105 1430 Si·

109 1493 234 1603 nite,
277 1482 454 1613 quaesto,
498 1477 770 1577 Maecenates
799 1476 1012 1612 Optimi,
1054 1504 1106 1577 nt

111 1635 296 1737 eamdem
319 1633 620 1763 benignitatem
646 1630 834 1764 deirneps
851 1665 1015 1767 quoqne
1041 1618 1105 1731 dt-

13 1832 17 1840 ·
113 1793 261 1923 ligmti
275 1781 577 1921 atqueadſsdua
596 1776 1106 1923 commiffimnnerisfim-
1220 1875 1229 1896 ,

110 1940 278 2060 (bione,
313 1939 481 2039 Divini
496 1936 675 2070 foenoris
706 1976 812 2040 aura
835 1936 1100 2075 adspirante,
1184 2044 1186 2049 .

108 2099 267 2195 mereri
280 2115 491 2226 pergam,
526 2090 713 2228 mibique
731 2102 780 2198 iu¹
798 2130 873 2215 oa,
897 2092 1012 2228 quood
1025 2100 1105 2193 mi-

111 2249 227 2380 rifico
243 2244 491 2375 iudustriam
502 2250 639 2365 uouit,
646 2267 798 2379 porro,
799 2247 988 2379 gloriari
1008 2281 1104 2346 con·

113 2415 264 2539 tingat.
328 2401 436 2503 Cum
454 2429 595 2503 autem
608 2409 672 2501 ita
693 2411 739 2501 iu
757 2401 1104 2534 Soboloffiieisuu·

65 2566 68 2571 ’
104 2576 192 2686 per
223 2552 432 2652 laboribus
464 2591 512 2652 ao
524 2550 685 2683 studiis
722 2577 836 2653 totus
874 2556 1099 2687 verstrrer,
1215 2608 1249 2636 -·

110 2704 400 2804 nonnullorum
419 2732 520 2805 vota
538 2702 593 2810 &⁹
609 2714 818 2840 repetitae
837 2709 1102 2847 efflagitatio-

109 2889 202 2973 ues,
239 2852 576 2989 Amicorumque
595 2854 912 2970 exhortationes
933 2857 1103 2987 taudem

111 3038 205 3123 me,
241 3003 371 3134 neseio
384 3001 609 3138 quomodo,
625 3007 895 3138 inpulerant,
916 3033 966 3108 nt
978 3015 1105 3142 prio·

109 3192 201 3269 rem
239 3193 374 3258 meam
402 3155 600 3293 Dimffii
629 3156 801 3260 Catonis
831 3160 1101 3281 Editionem,
1151 3259 1155 3267 .

24 3348 27 3355 ’
112 3309 264 3412 dudum
293 3312 587 3447 defideratam,
620 3322 897 3450 reeerffirem,
931 3354 1102 3420 novam-

111 3502 194 3603 que
213 3471 302 3600 ejus
317 3474 441 3567 imeae
461 3497 791 3609 procurarem.
803 3471 988 3594 Fateor,
1019 3511 1103 3576 non
1229 3536 1232 3542 ·

110 3619 195 3754 uffi
174 3617 366 3760 effieudb
361 3651 431 3726 ter
452 3667 480 3726 a
490 3637 640 3761 priori
664 3625 800 3762 rorffil
783 3662 847 3746 ro,
881 3629 997 3763 quod
1010 3639 1104 3730 ani
1209 3730 1216 3737 .

111 3810 179 3876 mo
197 3775 424 3905 baerebat,
459 3777 638 3982 dseeffi;
659 3785 824 3888 tandem
842 3823 943 3970 voro
964 3825 1016 3890 ne
1034 3788 1104 3895 de

559 3920 645 4049 3
996 3921 1125 4061 fidis·
1229 4050 1232 4055 ι
