2580 5076
138 724 214 820 '83⁶
274 705 570 786 APPENDIX
596 723 696 777 ειη
719 673 1022 781 ΕΧΟῧῙὶέῑΪὸ
1093 782 1123 815 ,Ι

140 885 186 933 tur
199 869 246 927 hic
258 865 336 923 lotus
349 860 395 918 vel
407 877 421 916 a
434 869 554 934 quatuor
569 853 788 929 interpretibus,
798 853 848 928 qui
860 854 889 911 in
902 852 975 913 hanc
988 814 1068 938 diem
1079 854 1150 921 eum'

140 947 265 1011 libellum
281 937 454 1011 interpretati
468 934 546 1002 sunt,
556 932 618 990 satis
630 930 797 989 intellestus.
823 928 980 999 Danmatar
993 935 1029 992 ab
1092 937 1147 995 ho·

139 1024 221 1083 doxis
236 1016 444 1081 Tertullianus,
463 1011 512 1085 qui
528 1011 669 1068 bonorum
683 1008 789 1065 animas
804 1002 1003 1081 postmortem
1016 1012 1047 1070 iu
1094 1029 1146 1073 eoa

230 1141 244 1185 2·
478 1086 631 1220 aaa:
649 1081 1147 1222 datum

138 1172 466 1336 {flegrffiurfflmdud
477 1238 508 1299 id
516 1181 613 1314 {lollii
628 1179 685 1298 (iad
696 1237 780 1312 supra
791 1178 1020 1315 fergannum
1032 1238 1148 1303 videtur

140 1344 226 1390 emm
240 1322 431 1468 vugll-ngiiaa
442 1408 507 1466 barac
518 1405 634 1466 ardanna
647 1407 771 1464 maritimas
783 1404 880 1466 addan

276 1487 416 1564 Euryale?
432 1504 465 1544 aa
471 1483 523 1562 sua
533 1486 623 1559 cuique
636 1480 753 1558 Darassa
765 1481 822 1542 dira
835 1480 943 1558 nagida?

142 1582 303 1651 meander
318 1580 391 1659 apud
404 1579 598 1639 Plutarchum:
870 1586 875 1595 ·
948 1588 957 1599 ··

144 1670 147 1675 Ι
359 1674 392 1747 Ὀ
406 1675 447 1738 ιὲς
462 1663 492 1748 73
506 1671 562 1744 iai·
577 1667 630 1736 isla
643 1669 672 1731 cfr
688 1665 752 1735 lna'r
785 1669 849 1740 last·

361 1749 505 1824 Unicuique
509 1745 625 1825 sirasffi
636 1751 735 1808 animata
747 1697 830 1809 Bau.

144 1838 232 1913 ianae
252 1847 279 1908 dr
300 1842 367 1906 illud
382 1843 535 1905 Oraculum
556 1827 610 1903 ἷκε
624 1844 681 1917 arai
690 1840 764 1920 apud
776 1828 954 1906 Plutarchum
964 1840 1031 1909 Llla.
1047 1847 1084 1910 de
1097 1844 1145 1912 ad·

145 1927 260 1988 diendo.
284 1927 363 1984 Haec
378 1923 434 1982 ille.
460 1922 511 1980 Vir
527 1921 651 1991 noetus,
672 1920 786 1980 Amicus
799 1921 895 1982 noster
907 1925 1075 1999 cariffimus,
1095 1946 1145 1988 nu·

144 2024 197 2082 per
215 2002 319 2061 acerbo
340 1998 437 2058 nostro
459 2015 521 2055 cum
537 1995 895 2075 doloretivisexemptas‚
913 2001 961 2060 M.
973 2003 1040 2080 joh
1056 2003 1146 2065 fidle.

144 2101 209 2150 rus,
229 2079 385 2138 Reichenb.
412 2075 555 2143 Variscus,
576 2075 694 2149 primum
707 2076 787 2136 Libri
799 2093 820 2134 1.
832 2075 984 2140 Distichon
1000 2080 1041 2138 ita
1054 2080 1145 2157 legere

139 2157 216 2219 olim
233 2155 374 2221 tentabat,
393 2153 620 2227 interpunctione
631 2163 751 2212 mutata:
1132 2183 1136 2189 -

277 2245 307 2303 Sa'
321 2245 395 2301 Deus
407 2240 441 2316 all
451 2247 549 2302 animur
560 2246 644 2309 nabis,
662 2255 692 2302 aa
702 2245 812 2304 amaa
825 2243 918 2304 dicaam

146 2327 193 2386 Eo
208 2322 302 2383 lensii:
321 2323 414 2383 Nobis
435 2323 543 2380 animus
557 2320 598 2380 est
608 2322 698 2380 Deus.
712 2320 740 2381 h.
754 2338 780 2379 e.
806 2320 845 2378 'Bo
857 2323 1031 2458 ἑννῷὸὅμιι
1048 2323 1094 2401 ,(94
1108 2349 1141 2384 ιι·

143 2400 241 2473 abacta
254 2399 297 2473 χρὴ
313 2398 400 2471 lagia,
420 2397 542 2456 docente
555 2398 643 2457 Paulo
655 2398 717 2456 Art
729 2413 803 2457 xvir.
819 2401 851 2460 ti.
866 2405 914 2460 28:
968 2404 1057 2463 einde
1069 2400 1142 2480 quod

145 2479 220 2538 Caio
234 2480 272 2535 ait
287 2475 405 2534 Carmina
418 2476 461 2532 aar
473 2475 568 2545 dicere,
588 2491 647 2534 non
658 2475 798 2549 ingemere
811 2476 963 2551 accipiebat
978 2479 1015 2537 de
1031 2482 1141 2549 Podar,

144 2573 200 2615 nec
220 2557 294 2612 enirn
317 2566 351 2612 err
370 2552 426 2611 istis
446 2563 553 2610 tantum
576 2550 745 2611 innotescere
765 2551 863 2620 nobis,
882 2554 979 2612 Deum
1000 2557 1074 2628 elle,
1093 2556 1142 2617 elle

148 2635 289 2701 animum,
306 2631 358 2690 dcc.
373 2630 531 2704 inquiebat:
546 2628 592 2687 sed
606 2630 740 2688 Catonem
755 2627 898 2702 respexisse
912 2630 947 2687 ad
961 2631 1140 2693 diviniffimra

145 2713 284 2770 Veterum
304 2709 484 2776 Sententiae,
508 2707 597 2781 qualis
615 2705 662 2763 illa
680 2703 856 2779 Empedoclis
877 2722 893 2762 a
911 2707 1140 2770 Germaniaeno·

148 2786 221 2845 strae
243 2788 385 2844 Phoenice
404 2801 466 2860 pag.
486 2800 551 2855 241.
570 2781 605 2840 ad
620 2780 801 2841 Claudianum
813 2784 908 2857 priore
925 2784 1002 2845 Edit.
1016 2787 1140 2863 allegata

147 2864 187 2924 Et
200 2862 277 2937 quod
291 2863 365 2937 Aug.
378 2861 532 2919 Politianus
545 2861 583 2918 ait
596 2860 626 2918 in
638 2859 751 2928 Lamia,
771 2859 798 2917 T
800 2876 856 2917 om.
871 2877 917 2918 111.
929 2878 994 2937 pag.
1009 2879 1055 2935 η.
1068 2862 1139 2924 Edit.

147 2941 258 3014 Gryph.
281 2955 363 3010 1533.
382 2936 457 2993 Daras
471 2932 506 3010 est
519 2939 618 2994 animur
631 2937 714 3006 aalais,
732 2933 808 2992 Deus
821 2935 929 3012 prrffeda
939 2977 949 3006 ,
961 2939 1021 3014 Jr'ae
1036 2938 1080 2997 dac
1090 2939 1140 2997 Era·

144 3019 240 3090 alpiam
251 3018 348 3088 primas
361 3015 442 3071 dicere
453 3010 541 3090 austu,
552 3010 612 3086 fior
626 3010 809 3081 Hennam,
823 3011 880 3088 five
893 3014 1073 3091 Anaxagoras.
1092 3017 1139 3076 Su·

146 3100 197 3171 per
211 3093 263 3149 hac
279 3092 414 3151 sententia
427 3107 491 3148 cum
500 3088 635 3161 iudicium
648 3091 678 3148 N
680 3089 819 3148 obilissimi
832 3091 937 3149 Barthii
956 3097 995 3152 aa?
1011 3091 1082 3151 siaa
1098 3108 1140 3151 ea·

145 3171 336 3247 ploraremus,
352 3170 424 3226 inter
437 3167 543 3230 allahis
558 3166 650 3224 verbis
665 3166 822 3243 respondit:
843 3168 1039 3238 conjeceram
1053 3172 1082 3229 in
1094 3170 1142 3229 Ca·

142 3258 244 3304 tonem
259 3245 368 3318 penitus
384 3261 478 3302 veram
492 3242 547 3302 effe
561 3255 702 3318 putarem,
715 3243 735 3300 sr
748 3257 935 3319 congruerent
946 3245 993 3304 illa
1003 3259 1069 3321 para
1078 3263 1142 3321 m·

146 3335 172 3380 te
182 3322 261 3398 laram
277 3323 386 3378 animum
398 3337 515 3394 arceatque
527 3322 612 3378 calere.
646 3321 718 3379 Ciam
732 3335 823 3379 autem
835 3338 913 3378 urens
926 3325 1047 3383 omniun
1061 3322 1140 3402 lplius

145 3397 283 3476 quaedam
304 3397 424 3456 medulla
445 3397 477 3455 sat
490 3430 501 3466 ,·
519 3394 546 3453 dt
565 3396 603 3454 ita
616 3413 683 3452 mam
693 3399 771 3454 animi
783 3415 799 3455 a
811 3399 904 3456 multis
918 3398 1002 3459 bonis
1016 3401 1141 3461 Auctori-

145 3479 199 3535 bus
220 3475 405 3551 intelligatur,
426 3473 540 3532 Catonis
556 3473 641 3531 alium
659 3473 765 3531 sensum
777 3474 831 3532 elle
844 3488 930 3550 puto,
952 3479 998 3536 cui
1012 3477 1093 3553 quod
1104 3475 1141 3535 su·

144 3554 268 3612 blimltas
290 3550 469 3619 vindicetur,
496 3550 566 3608 nihil
582 3563 652 3625 puto
672 3550 860 3619 candacem,
880 3568 945 3610 curn
960 3554 1142 3629 humilitatam

126 3642 247 3688 contra
266 3627 402 3686 affedalse
419 3625 562 3694 videatur,
583 3625 609 3684 dr
627 3644 659 3684 ea
681 3640 775 3685 mente
793 3629 849 3700 jam
864 3629 933 3687 olim
948 3629 1141 3708 napuertlibus

148 3705 246 3764 studiis
258 3704 389 3762 addictus.
413 3702 514 3761 Sensus
531 3702 571 3760 est
585 3703 699 3778 simplex
710 3703 874 3780 &optimus
896 3707 967 3765 Cum
980 3707 1093 3768 constet
1103 3724 1141 3767 ra·

147 3784 227 3841 tione
245 3780 271 3839 dr
290 3781 452 3839 auctoritate
465 3779 558 3837 Deum
572 3783 695 3838 animum
711 3779 783 3848 elle,
802 3781 954 3843 colendum
971 3796 1039 3842 ante
1053 3785 1144 3843 omnia

145 3857 173 3915 dr
192 3857 304 3932 quidem
323 3873 392 3933 pura
411 3869 526 3914 mente:
544 3855 651 3914 necesse
673 3858 746 3915 enirn
769 3856 854 3915 talam
874 3862 999 3919 animum
1013 3857 1144 3920 eisetuna

146 3934 282 3992 summurn
306 3935 436 4001 bonurn,
461 3933 511 4008 qui
536 3933 613 3993 nulla
634 3951 664 3994 ae
684 3935 769 4008 magis
784 3950 868 4008 quam
881 3938 1005 4014 puritate
1018 3936 1145 4019 gaudeat·

146 4009 303 4091 Quomodo
316 4009 461 4070 Tibullus:

277 4091 349 4169 Casta
361 4097 459 4169 placant
464 4089 578 4174 luparia,
594 4108 659 4172 para
672 4114 729 4154 cam
742 4091 810 4171 vasta
822 4099 921 4171 venae,

308 4169 345 4232 Ea
356 4172 471 4238 matribus
479 4172 651 4258 paresaaara
657 4172 741 4255 saraia
751 4190 852 4252 aquam
