2580 5076
584 199 694 276 -
794 263 838 270 -⁴-

155 728 428 812 RESCRIPTA
445 727 752 811 BOXHORNIO.
775 736 857 812 Cir.
873 738 951 813 XII.
999 761 1072 833 419

56 868 141 921 vero
166 853 260 929 ,idem
285 850 431 933 utrisque
459 850 609 933 placuit3
637 866 674 915 ut
705 851 870 920 nascentis
898 853 1069 920 Fcclefiae

58 934 223 1005 antistites
253 934 406 999 nonnulli
439 935 634 1000 retinuerint
666 938 814 1001 tenacius
843 936 1067 1021 &probarint

56 1019 164 1171 ⁴slortes
180 1037 294 1185 ,)quas
309 1015 503 1084 sanctorum
520 1017 754 1103 appellabant,
772 1018 813 1084 de
828 1018 945 1104 quibua
959 1021 1064 1088 modo

82 1104 141 1171 ixi.
164 1110 203 1183 (a

101 1186 228 1251 Verum
251 1181 316 1251 alia
329 1200 429 1267 porro
446 1183 501 1249 via
516 1182 625 1251 infisto
642 1185 683 1251 ad
698 1186 959 1271 redarguendum
975 1186 1065 1255 Bux-

55 1271 239 1345 bernium,
262 1282 357 1351 atque
384 1267 602 1349 adigendum,
626 1285 663 1335 ut
686 1285 741 1335 aut
757 1270 953 1356 Dionysium
969 1270 1065 1337 Cirri-

57 1354 202 1451 stianum
218 1347 313 1417 fuille
328 1367 429 1497 neqet
440 1396 454 1444 ,
480 1366 537 1415 aut
553 1349 742 1447 Cirrillianis
758 1352 1064 1450 impunita-sortile-

56 1430 365 1612 {illiti-lul
381 1432 1067 1613 ,tllitabittutttltbltltllt

59 1620 100 1670 ut
114 1600 323 1671 Boxhomrus
338 1600 464 1678 credit,
483 1597 710 1670 Christianus?
726 1602 899 1688 Perpende
915 1601 1068 1671 Disticha

59 1687 94 1753 δι
116 1684 245 1771 monita
266 1683 404 1749 omnia:
435 1683 518 1748 ninii
539 1684 677 1751 uetitum
698 1686 788 1753 iniis
805 1688 953 1768 videbis,
975 1686 1069 1772 quod

59 1770 192 1853 legibus
212 1784 284 1835 erat
308 1765 536 1832 interdictum:
560 1786 666 1851 neque
693 1786 776 1853 opus
792 1767 889 1851 sane,
912 1772 981 1836 imo
997 1789 1068 1837 non

61 1851 268 1920 conveniens
284 1849 423 1917 consilio
443 1851 630 1931 monentis3
648 1851 704 1936 qui
721 1854 755 1917 in
774 1853 873 1919 titulo
888 1851 982 1920 Libri
996 1872 1067 1921 non

60 1934 125 2005 sel
168 1954 223 2001 um
234 1933 426 2013 vindicem,
450 1931 505 1998 sed
520 1951 647 2000 morum
664 1934 913 2002 emendatorem
928 1937 1066 2021 profite-

61 1954 231 2087 turfflon
246 2017 335 2083 enim
351 2016 394 2081 de
412 2014 624 2111 legibus,sed
641 2018 682 2082 de
699 2016 854 2085 Moribus
869 2018 1007 2086 Librum
1015 2022 1065 2086 in·

60 2100 188 2170 scribit.
216 2096 336 2185 Neque
349 2098 476 2165 fefellit
491 2100 661 2167 confilium
679 2101 745 2167 hoc
760 2101 937 2169 Auctorem
955 2103 1070 2188 prolo·

90 2189 122 2266 i,
146 2182 273 2252 tametsi
292 2184 320 2249 is
337 2182 439 2249 lromo
455 2182 520 2248 fuit
538 2184 570 2248 in
587 2185 684 2249 rebus
700 2187 819 2253 ceteris
835 2204 948 2270 parum
966 2186 1067 2252 intel·

61 2206 183 2355 figent.
225 2265 306 2333 Non
329 2268 432 2333 credo
456 2266 498 2331 de
522 2266 590 2332 hoc
618 2268 711 2333 nodo
736 2267 891 2353 cogitalle
916 2270 1069 2336 Boxhor·

62 2355 178 2435 nium,
231 2368 284 2416 em
302 2366 411 2415 tamen
429 2350 451 2416 si
468 2350 629 2435 quiscum
648 2351 743 2419 nobis
751 2352 979 2436 objiciendum
988 2372 1067 2419 cen·
1185 2372 1188 2377 ·

63 2436 170 2518 sebit,
217 2432 282 2500 aad
296 2432 474 2500 difficulter
489 2433 710 2501 dillolvemus.
742 2433 829 2501 Nam
849 2452 916 2502 tam
933 2435 1001 2502 alte
1017 2434 1068 2501 su·

64 2519 217 2609 perstitio
233 2516 362 2585 Romae
370 2518 499 2583 radices
508 2534 621 2602 egerat
629 2520 663 2586 in
673 2518 864 2604 pestoribus
873 2517 1068 2600 hominum,

66 2622 106 2672 ut
128 2603 231 2671 nullis
254 2618 296 2667 ea
318 2601 446 2687 legibus
470 2602 546 2666 tolli
562 2618 660 2687 atque
675 2603 747 2669 erui
762 2605 923 2687 potuerit.
964 2602 1069 2669 Mens

63 2686 168 2754 avida·
179 2684 369 2754 futurorum
377 2732 389 2767 ,
413 2703 528 2769 parum
541 2684 681 2768 reprell'a
697 2686 933 2767 imperantium
946 2685 1070 2767 minis,

62 2768 196 2857 semper
209 2770 295 2837 clam
310 2768 460 2855 palamve
475 2786 535 2851 per
549 2766 690 2833 vetitum
704 2766 798 2834 nefas
811 2766 938 2833 ruebat.

262 2848 345 2945 Quid
358 2854 433 2936 leges
448 2848 507 2925 fine
523 2850 650 2915 muribus

261 2942 363 3003 lanu
382 2931 566 3016 proficiunt?

64 3022 114 3091 Et
137 3018 280 3170 verefille
301 3020 430 3105 legibus
454 3019 519 3085 illis
544 3017 653 3101 dicas,
678 3015 771 3103 quod
786 3014 920 3085 Plautus
934 3017 972 3086 in
986 3010 1064 3084 Tri·

64 3122 206 3174 nummo
272 3154 280 3171 .
362 3124 395 3171 0.

65 3234 68 3239 -
104 3186 214 3257 Mures
228 3122 317 3275 leges3
337 3123 521 3253 {auruum
544 3188 601 3251 ‘am
616 3188 649 3252 in
661 3180 830 3269 potestatem
855 3208 948 3269 uem,

102 3271 296 3359 Magisque
321 3282 378 3338 unt
391 3208 555 3350 obnoxiud,
578 3289 667 3355 quum
675 3280 813 3356 parentes
837 3276 938 3341 iberis.

63 3398 70 3409 ·
103 3356 175 3425 uae
190 3358 311 3440 etism
325 3358 413 3422 etium
428 3355 469 3423 ad
477 3358 621 3439 parietem
629 3352 707 3435 sunt
713 3352 796 3437 fixae
810 3358 906 3425 clauis
911 3356 1040 3443 ferreis.

110 3438 177 3509 Ubi
193 3442 286 3507 malm
300 3458 394 3505 morer
405 3438 499 3526 adfigi
511 3440 602 3505 multu
612 3440 721 3523 fuerat
736 3445 868 3524 aequius.

63 3520 159 3609 Ipsae
179 3522 259 3591 illae
281 3524 446 3605 crebrae,
471 3523 513 3589 de
536 3520 773 3609 impostoribus
795 3522 981 3608 hujusmodi
997 3538 1069 3589 non

64 3604 297 3689 consulendis,
319 3606 503 3674 sanctiones
521 3606 584 3691 (de
599 3608 716 3692 quibus
732 3607 895 3693 Ulpianus
911 3606 1001 3673 dicto
1016 3604 1069 3671 lo·

64 3709 133 3770 co,
156 3691 212 3759 ubi
236 3692 278 3758 ab
303 3691 457 3758 omnibus
479 3690 553 3758 fere
578 3690 786 3775 Principibus
811 3693 854 3758 de
878 3692 919 3757 iis
934 3702 1070 3757 cautum

61 3772 163 3841 suill'e
176 3771 311 3859 scribit)
347 3776 379 3856 b)
390 3823 400 3855 ,
412 3774 802 3871 arguunt,ncgligcntius
818 3776 908 3857 leges
925 3766 1070 3864 illasser·⁴

62 3872 159 3925 vatas
175 3854 282 3924 fuisse.
340 3857 513 3941 erillrmum
530 3856 579 3922 eli
594 3857 660 3925 hoc
683 3856 710 3921 Γ
711 3859 810 3940 aciti,
827 3859 869 3923 de
883 3854 946 3923 isto
964 3853 1071 3918 honu-

61 3958 147 4009 num
166 3958 311 4027 genere,
333 3939 479 4024 dietum,
503 3938 722 4008 Historiarum
748 3940 825 4009 Lib.
842 3960 866 4006 1.
882 3938 966 4025 Cap.
983 3952 1070 4003 xxti.

974 4034 1072 4109 genus

99 4140 161 4219 (a)
179 4138 224 4199 De
238 4116 399 4234 turmam
407 4139 527 4234 prum
544 4142 656 4201 vam
671 4136 825 4215 taratara
839 4136 941 4217 aarum
957 4136 1072 4219 matt,

62 4214 351 4377 Vffffiffl
362 4231 612 4441 ἷῖωῇᾞᾌωὲι.
620 4294 687 4442 2tu.
703 4312 730 4361 1.
745 4292 853 4377 exart
868 4296 906 4362 c.
