2596 4920
139 703 211 791 478
284 656 1039 784 imunicrcnuuaomrrnr

141 808 258 873 inditio
275 800 343 884 eft,
374 810 463 881 utque
484 797 610 881 injurio.
640 790 741 859 Haud
756 791 853 858 aliter
870 793 984 880 itaque
1003 793 1163 867 futurum

142 906 308 959 oratorem
324 903 362 949 ac
379 876 651 965 jurisconsultum
664 877 706 942 ad
721 876 922 961 aequitatem
938 876 1095 963 format,
1111 900 1162 948 at·

142 993 206 1060 que
223 968 363 1039 instituit
379 962 625 1061 Quinstilianus
642 958 719 1026 Lib.
742 976 791 1025 11.
808 958 892 1046 Cap.
914 978 986 1027 111.
1013 962 1086 1030 hoe
1101 967 1160 1032 ad·

142 1060 217 1133 dito
242 1067 445 1139 praecepto,
470 1064 506 1110 ut
531 1066 598 1112 cum
611 1043 647 1128 st
659 1047 699 1109 ud
716 1045 749 1107 id
760 1090 772 1120 ‚
793 1060 869 1128 quau
884 1041 925 1129 est
940 1049 1093 1130 optimum
1107 1070 1161 1116 na-

143 1156 215 1213 turo
229 1135 449 1222 (aequitatem
467 1127 631 1214 designat)
648 1130 811 1207 direxerit,
824 1148 884 1194 run
895 1143 1158 1217 nmgnoperetom-

141 1234 316 1299 maveutur,
330 1215 362 1298 fi
381 1216 504 1300 quisti
526 1232 556 1279 to
580 1210 856 1280 CONSULTUS
872 1213 1037 1312 dissentiat.
1077 1218 1160 1285 Prae

144 1306 266 1376 cetetis
294 1319 378 1365 vcro
398 1316 538 1382 aequum
563 1316 581 1362 a
606 1293 818 1380 philosophis
840 1296 874 1363 io
898 1298 1091 1381 judicando
1111 1301 1158 1369 est

144 1384 434 1463 oommendutum,
454 1399 551 1466 quare
568 1380 600 1446 dt
616 1379 651 1444 in
667 1379 703 1444 id
719 1379 876 1465 paulatim
893 1382 1054 1467 antiquus
1069 1387 1159 1472 rigor

144 1476 176 1543 dc
197 1469 302 1557 prisca
321 1467 400 1550 jutia
423 1461 461 1529 as
478 1464 577 1530 eritas
591 1462 739 1548 mitigata
754 1460 919 1550 deflexit3
938 1465 1157 1561 posteaquam

145 1551 375 1625 adolescentes
390 1484 799 1644 stuAEafflhilosophorum
815 1544 1002 1635 disciplinis
1013 1570 1156 1721 cm·

144 1641 226 1721 sua,
242 1640 277 1705 in
293 1634 407 1701 forum
421 1632 635 1713 adtulerunt,
658 1632 913 1717 principumque
931 1652 972 1698 ac
987 1653 1043 1700 ma
1069 1637 1077 1649 '
1143 1669 1158 1684 ·

144 1740 259 1801 mum,
280 1720 323 1784 de
340 1716 412 1800 jure
427 1713 701 1782 constituentium
716 1734 756 1781 ac
769 1711 1054 1816 disceptantium,
1078 1739 1157 1787 con·

144 1806 216 1877 lilia
236 1803 311 1871 sunt
333 1799 508 1867 moderati.
554 1799 668 1892 Quare
689 1818 760 1865 non
782 1796 952 1866 dubitavit
969 1799 1155 1887 Ulpianus,

145 1909 215 1965 noo
231 1889 332 1982 longe
348 1898 496 1950 remotus
511 1881 553 1947 ab
568 1898 678 1948 aetate
692 1879 865 1963 Dionysii,
876 1880 915 1949 L.
938 1903 966 1950 1.
984 1881 1033 1951 D.
1052 1887 1096 1954 de
1093 1887 1157 2036 ¹ju·

146 1970 236 2040 stitia
251 1966 570 2052 &Jure,nomioare
585 1966 637 2049 jus
651 1975 745 2032 urtam
759 1964 821 2031 ΑΕ
861 1966 905 2033 Ul
923 1963 1068 2038 &braii
1106 1990 1156 2037 os·

131 2076 219 2206 ou}
237 2048 493 2201 JtlrJrisconsultos
508 2067 620 2116 veram
633 2047 836 2118 PHILOSO
865 2049 992 2122 HIAM
1008 2053 1053 2119 ad
1071 2054 1153 2121 ecta-

145 2159 184 2208 re
213 2158 258 2205 cm
285 2153 323 2202 rt.

188 2219 364 2298 Vidimus,
382 2218 513 2302 qualem
528 2217 612 2284 velit
625 2218 729 2286 filium
744 2218 777 2283 in
792 2217 995 2301 judicando:
1022 2220 1154 2287 videbi·

147 2324 220 2374 mus
238 2303 338 2368 ctiam
354 2320 458 2383 mox,
480 2303 612 2387 qualem
626 2318 700 2368 eum
717 2302 830 2385 cupiat
845 2303 877 2368 in
895 2304 1153 2386 Advocatione,

148 2389 216 2458 five
232 2387 266 2453 in
283 2384 396 2451 cauffis
413 2387 561 2468 agendis.
584 2387 737 2470 Sequitur
752 2404 893 2472 namque
907 2389 940 2454 in
956 2388 1077 2453 iisdem
1088 2386 1157 2453 sen·

150 2472 277 2538 tentiis.
307 2468 390 2534 Illud
397 2465 486 2552 stude
498 2488 604 2555 agere,
645 2465 825 2557 uodjustum
838 2469 888 2554 est.
920 2470 1012 2564 Quid
1028 2471 1069 2537 sit
1083 2493 1154 2557 ogt-

148 2576 182 2622 τε
206 2552 419 2651 injudicio,
452 2573 552 2621 nemo
572 2489 686 2619 netqcit.
729 2551 852 2638 Justum
871 2569 978 2620 autem
1003 2553 1157 2635 dicitur,

149 2638 242 2726 quod
261 2656 334 2721 jure
348 2637 379 2703 u
394 2637 522 2720 legibus
538 2635 585 2702 est
601 2635 836 2718 constitutum,
856 2633 912 2702 seu
925 2637 1048 2702 datum.
1093 2637 1157 2703 Sic

148 2720 252 2809 iustus
276 2737 391 2806 pater,
413 2722 518 2802 filius,
544 2736 659 2787 tutor:
679 2719 762 2804 justa
785 2740 888 2802 uror,
908 2718 1023 2805 iustum
1040 2723 1159 2786 matri-

150 2807 320 2887 monium,
345 2804 376 2870 ἀ
391 2805 496 2870 multa
510 2804 598 2885 alia,
636 2824 695 2870 uae
712 2825 755 2871 ex
767 2806 839 2888 jure
857 2805 1007 2872 Romano
1025 2803 1155 2870 intelli·

149 2907 300 2985 guntun
316 2889 424 2984 Atque
441 2890 486 2954 ita
500 2823 678 2984 Dionyiua
694 2886 768 2955 Lib.
790 2909 817 2956 1.
835 2886 1026 2987 Dist.xxx1.
1039 2884 1157 3037 juglurn

143 2988 245 3062 petere
267 2974 370 3054 d1c1t,
393 2973 482 3057 quod
503 2990 575 3053 Jure
589 2987 732 3058 petitur,
756 2989 793 3040 ut
808 2969 971 3061 injustum,
994 2990 1062 3058 quo
1108 2992 1157 3056 Ju-

148 3078 244 3127 rene
268 3075 356 3122 atur:

228 3077 322 3291 §aad
332 3134 448 3222 justam
462 3136 504 3223 esl
511 3143 625 3223 petito,
641 3139 691 3206 orl
702 3141 779 3224 quod
793 3142 933 3208 viaeatur
949 3134 1128 3224 honestum

267 3219 449 3306 umflultum
465 3219 507 3309 est
519 3235 635 3309 petere,
654 3228 730 3309 quod
743 3222 824 3322 poffit
833 3228 906 3306 jure
920 3228 1038 3309 negari.

150 3308 312 3377 Dicerem
327 3306 523 3374 sententiam
540 3308 626 3374 hanc
641 3307 925 3392 praeliminarem,
949 3323 986 3373 ut
1003 3308 1156 3375 Boxhot·

148 3392 225 3459 nius
239 3406 361 3472 vocat,
381 3392 414 3456 io
431 3410 494 3486 qua
509 3391 579 3457 inte
619 3391 753 3456 retanda
769 3412 856 3458 nunc
872 3388 1060 3473 versamur,
1076 3393 1157 3459 lem·

148 3495 202 3545 ma
219 3475 283 3544 effe
299 3475 392 3558 huius
408 3472 550 3541 Distichi
602 3497 610 3539 ι
628 3476 660 3539 in
676 3475 779 3561 priori
794 3473 889 3542 versu
903 3475 1098 3560 legeretur,

233 3522 674 3653 Quoajaflumtstndmo.

147 3642 223 3711 Irno
246 3662 330 3709 vero
354 3643 461 3709 retine
482 3643 594 3722 petito,
620 3641 745 3710 tametsi
767 3657 929 3709 mutatum
944 3642 1056 3709 videri
1079 3663 1154 3741 pos·

148 3728 188 3796 sit
210 3727 252 3793 ab
268 3725 431 3812 imperitis
448 3722 604 3791 Librariis
614 3773 625 3807 ,
648 3726 702 3811 qui
719 3726 761 3792 de
777 3744 969 3812 quacunque
986 3729 1155 3812 petitione

148 3812 181 3878 dt
194 3832 233 3878 ro
257 3812 370 3877 atione
387 3826 608 3894 acceperunt,
626 3809 732 3875 nihilo
749 3809 852 3876 secius
868 3811 1018 3876 lemmati
1038 3809 1092 3877 isti
1107 3829 1154 3878 re·

146 3829 336 3981 sponiebit.
378 3891 467 3959 Nam
479 3906 576 3978 petere
592 3893 728 3959 verbum
744 3894 823 3976 juris
840 3891 905 3973 est,
929 3911 1028 3979 atque
1045 3894 1155 3974 idem,

147 3977 239 4061 quod
256 3998 352 4064 agere
361 4025 372 4059 ,
391 3993 497 4045 notat.
531 3977 613 4044 Inde
629 3981 683 4063 qui
692 3982 789 4062 petit,
811 3978 932 4043 &unde
945 3981 1067 4060 petitur
1083 3996 1153 4042 ver·

146 4059 190 4123 ba
205 4063 356 4147 antiqua,
371 4063 401 4128 dt
417 4061 642 4147 probatissima
657 4062 692 4127 in
706 4058 783 4128 soro
800 4061 973 4142 Romano,
989 4080 1078 4143 quae
1095 4078 1156 4128 nec

145 4138 328 4212 Terentius
352 4145 511 4218 Comicus
532 4146 728 4234 ignoravit,
759 4144 837 4215 vide
858 4143 1015 4216 Eunuchi
1041 4145 1155 4232 prolo-

143 4241 223 4312 gum
240 4245 272 4293 v.
290 4243 341 4296 ιι.
362 4244 413 4297 12.
925 4311 1158 4401 ..mmm
