2580 5076
140 724 192 805 20
304 688 624 795 nroanrr
673 692 982 774 canonis

123 922 127 929 ’
146 947 298 1030 Contra
313 943 493 1030 verbosos
503 941 595 1041 ‚noli
612 846 855 1030 ciinte-ndere
874 945 1022 1042 verbis:

143 1058 286 1145 Sermo
304 1050 418 1143 datur
437 1054 611 1160 cunetis,
630 1056 752 1142 animi
770 1054 957 1169 sapientia
979 1055 1126 1172 paucis.

143 1281 282 1399 Dilige
297 1279 349 1367 fic
364 1279 484 1384 alios,
511 1300 557 1368 ut
574 1185 710 1368 isitii
726 1308 837 1367 carus
856 1286 1023 1370 amicus:

143 1390 1150 1505 Sicbonunestobonisneternaladarnnasequantur.

1073 1531 1153 1601 XII.

144 1634 234 1719 Quod
248 1634 268 1695 st
282 1635 345 1711 qrris
358 1643 453 1694 tamen
475 1651 540 1696 cunr
559 1636 629 1695 surn-
666 1641 746 1699 tione
757 1638 863 1697 habent
884 1639 1033 1713 cognitam.
1073 1637 1154 1717 Quid

146 1732 198 1782 mo
224 1712 295 1773 Viro
320 1709 472 1772 Gcrhardo
500 1715 629 1792 Johanne
668 1717 755 1793 iipro
770 1719 811 1789 τῷ
820 1716 901 1774 verbis
921 1731 1039 1791 reponas
1050 1714 1153 1771 oeno?

147 1788 249 1855 volito
260 1789 325 1849 Lib.
337 1805 395 1847 vir.
411 1792 481 1867 Cap.
498 1790 630 1851 munde
669 1795 727 1854 hoc
741 1794 843 1864 sensu,
861 1791 969 1852 tametsi
989 1810 1056 1849 vcra
1079 1791 1156 1850 dicas

148 1868 222 1933 Arte
239 1867 391 1929 Grammat.
412 1868 498 1942 plene
517 1871 557 1926 ita
576 1868 632 1927 dici
670 1889 823 1948 veramque
837 1871 953 1930 caussam
972 1870 1091 1939 habeas,
1111 1886 1156 1926 ca·

149 1945 269 2011 statuere
283 1942 384 2014 malit,
410 1943 489 2018 quod
502 1946 569 2004 alias
581 1961 633 2021 per
671 1967 708 2007 ve
730 1961 820 2008 certes
841 1948 877 2007 de
896 1966 928 2005 en
948 1965 1013 2006 curn
1041 1948 1156 2009 homine

149 2015 328 2099 ellipsrnsere
342 2020 437 2079 omitti
450 2019 543 2092 solet,
571 2038 633 2080 non
670 2025 793 2084 verboso
817 2024 844 2083 de
864 2026 1056 2100 multiloquo,
1091 2040 1155 2098 nam

148 2112 250 2235 aaa
303 2098 633 2249 annania·
671 2098 1010 2248 eilinnintin
1029 2101 1157 2249 inii

150 2250 225 2315 0011.
239 2249 320 2310 Voti.
337 2250 507 2325 &Hagenb
523 2266 587 2307 curn
601 2265 631 2306 o·
669 2264 730 2310 non
750 2246 896 2322 intelliget.
936 2252 999 2310 Hac
1020 2251 1156 2325 significa

150 2343 230 2391 mnes
245 2325 307 2388 sere
319 2327 383 2385 libri
397 2327 469 2402 typis
476 2327 581 2389 exarati
589 2325 630 2384 lo
670 2330 751 2393 tione
762 2339 820 2385 vox
831 2341 908 2381 verm
920 2340 974 2401 pro
997 2328 1107 2383 veridico
1127 2347 1179 2385 aa

150 2421 187 2465 co
201 2407 240 2464 τέ’
255 2405 299 2462 llic
317 2406 438 2463 habeant
451 2401 507 2480 ipse.
552 2399 589 2462 ri
598 2398 632 2479 se
668 2402 727 2480 pud
744 2402 902 2478 Scriptores
922 2403 1028 2476 saepius
1054 2419 1153 2460 occur-

149 2480 273 2545 exulata
288 2481 369 2541 Leid.
385 2491 448 2540 tert.
469 2480 544 2541 forte
565 2479 632 2553 quia
668 2483 715 2541 rit.
732 2479 779 2541 Sic
792 2480 910 2537 Terent.
926 2477 1016 2536 Andr.
1032 2479 1096 2536 nn.
1119 2498 1155 2539 rr.

149 2558 277 2621 librarius
286 2557 395 2633 videret
407 2557 464 2615 hoc
479 2554 545 2615 loco
553 2571 632 2614 rar·-
669 2558 716 2619 Sc.
731 2575 760 2614 v.
774 2555 815 2613 vs.
832 2572 877 2613 12.
890 2552 952 2631 sum
962 2558 1054 2612 Venis
1070 2561 1076 2612 i
1104 2556 1156 2616 nc.

149 2634 238 2714 ἰ’ζκυ.
263 2629 373 2709 Morrfi
406 2631 483 2708 tofit
497 2635 527 2690 in
548 2630 629 2692 Leid.
669 2636 719 2696 ubi
734 2631 792 2690 vid.
804 2632 913 2689 Donat.
932 2633 1054 2690 Consule
1076 2635 1160 2691 ctiam

149 2728 193 2790 pr.
206 2711 288 2785 tnale.
304 2726 372 2769 mon
397 2723 571 2770 fumantem
594 2707 633 2766 le-
672 2711 716 2770 Cl.
731 2711 883 2767 Burmann.
902 2708 936 2767 ad
958 2708 1046 2767 Ovid.
1069 2709 1156 2784 Epist.

151 2790 251 2851 ilionis
265 2787 306 2846 est
320 2788 350 2846 in
362 2789 428 2846 Ver.
445 2787 517 2863 Reg.
537 2786 598 2844 Nec
609 2797 634 2842 te
671 2804 759 2849 xvrn.
781 2786 903 2844 Heroid.
927 2790 961 2848 ri.
986 2804 1048 2856 119.
1070 2805 1158 2867 voces¹

149 2867 215 2923 velis
226 2865 270 2922 ille
279 2864 380 2921 moneri.
396 2861 424 2922 dr
437 2865 466 2922 in
481 2865 571 2925 altero
583 2863 634 2938 hu·
673 2875 767 2924 autem
786 2879 874 2919 vnum
887 2859 924 2930 {9⁹
937 2865 1040 2919 verbum
1052 2882 1102 2939 per
1116 2881 1157 2923 re·

149 2943 195 3016 ius
208 2938 328 3003 Distichi
342 2941 470 2999 membro
482 2943 560 3014 ceptis
578 2956 633 3016 pro
671 2942 766 3019 liquos
788 2941 874 2999 etiarn
887 2938 963 2999 casus
978 2939 1074 3017 pallirn
1091 2959 1107 2998 a
1126 2940 1158 2999 ll-

148 3019 239 3091 creptr'r
253 3017 327 3075 Coll.
340 3017 471 3092 Hagenb'.
483 3018 597 3078 ARNT
598 3016 634 3077 Z.
670 3019 769 3079 brasiis
789 3015 869 3076 firiffe
888 3031 1083 3091 permutatas,
1109 3015 1156 3075 do-

186 3094 224 3154 X.
245 3090 335 3151 Cetera
345 3090 455 3170 verbosos
466 3093 532 3170 dc]
573 3094 635 3150 Con·
672 3108 717 3154 cet
730 3093 888 3153 Brotnhus.
903 3093 939 3153 ad
952 3096 1038 3169 Prop.
1053 3096 1119 3153 Lib.
1136 3111 1157 3169 ι,

150 3164 191 3231 irc
203 3166 328 3246 verbosum
340 3169 422 3229 Leid.
432 3187 475 3245 pr.
488 3182 633 3229 tornaver-
671 3172 752 3245 Eleg.
769 3188 837 3229 vnr.
852 3171 894 3229 vs.
913 3187 961 3229 aa.
974 3172 1039 3228 Lib.
1058 3188 1107 3229 111.
1123 3172 1159 3231 Ε-

49 3275 53 3283 ·
149 3243 634 3323 bosrlsColl.Hagenb.&1nono·
673 3250 727 3321 leg.
753 3264 843 3305 nxrrr.
866 3251 900 3309 ri.
929 3263 973 3304 12.
1002 3245 1029 3302 e
1057 3242 1161 3306 Celebss

148 3324 225 3380 'onmis
236 3339 290 3398 pro
303 3326 386 3380 animi
396 3325 426 3381 in
448 3321 530 3381 Leid.
551 3321 635 3398 pn&
672 3327 769 3384 Burin.
793 3323 828 3381 nd
848 3320 936 3382 ovid.
960 3322 1054 3379 locurn
1069 3324 1159 3381 niodo

145 3399 204 3460 sec.
226 3416 359 3460 necnon
382 3399 457 3458 Coll.
479 3398 636 3474 vosipcr·
674 3400 750 3459 laud.
789 3398 846 3461 Sed
858 3398 963 3457 nemini
977 3398 1047 3455 haec
1063 3401 1160 3459 obtru-

171 3492 255 3537 eratn.
287 3475 353 3537 Vid.
373 3493 446 3552 quae
462 3474 580 3535 diximus
595 3477 636 3535 in·
675 3477 731 3540 do.
753 3475 901 3533 Cornendere
912 3475 996 3531 verbis
1007 3475 1116 3535 Auctor
1131 3494 1157 3536 c-

81 3606 86 3615 .
149 3494 193 3613 La
208 3553 273 3611 Lib.
291 3570 333 3612 rv.
348 3551 422 3611 Dill.
437 3568 527 3612 rrvnr.
548 3553 636 3609 l'erbo·
675 3557 744 3612 tiam
758 3552 809 3611 ins.
824 3551 893 3609 dixit
908 3552 974 3609 Lib.
990 3569 1024 3610 11.
1034 3553 1158 3613 Dilbxl.

144 3626 279 3704 stantem
293 3631 424 3689 homines
440 3629 501 3689 sunt
519 3628 636 3693 nimium
675 3633 756 3690 Haec
780 3640 861 3687 antea
879 3625 1066 3698 adnotnran13
1106 3632 1158 3699 iarn

150 3705 284 3780 loquaces
300 3753 307 3778 ‚
327 3707 376 3783 qui
390 3704 528 3764 adfectant
540 3707 636 3780 potius
676 3720 767 3765 autern
781 3705 863 3776 hujus
877 3703 936 3762 fere
948 3709 1076 3780 poenitet
1091 3726 1158 3766 con·

150 3782 298 3840 verbosam
308 3784 472 3860 prudentiae
485 3781 637 3840 stinulatlo·
673 3786 806 3855 jeclurae.
827 3783 917 3840 Verbis
928 3785 1071 3841 cnrerrdrre
1085 3785 1157 3845 idem

149 3872 233 3926 nem,
254 3878 338 3933 quarn
351 3860 493 3919 dominam
508 3859 582 3919 illarn
595 3876 638 3918 re·
677 3860 718 3919 cst
736 3856 815 3934 quod
829 3862 948 3916 altercari
963 3905 971 3930 ,
1001 3863 1158 3921 altercatione

147 3950 212 3993 rum
226 3934 402 4009 sapientiam,
422 3937 463 3996 uti
479 3937 580 3998 Cicero
596 3937 638 3995 lo·
676 3935 826 4007 contendere.
853 3938 950 3996 Livius
967 3938 1031 3996 Lib.
1045 3956 1074 3997 x.
1088 3940 1157 4017 Cap.

172 4012 247 4070 uitur
260 4013 458 4086 pro'Murenn
482 4014 549 4090 Cap.
571 4031 635 4073 niv.
674 4031 736 4076 xix.
751 4014 776 4090 l.
792 4031 818 4086 5.
854 4013 1027 4082 [iniectiones
1039 4017 1159 4091 largiores

151 4029 259 4147 {ontra
274 4089 327 4146 hos
341 4090 379 4146 ait
392 4091 500 4148 Auitor
514 4091 638 4150 nolivet-
675 4091 771 4148 bebbae
791 4093 820 4149 in
837 4091 946 4148 eamdem
962 4089 1048 4165 ferme
1058 4098 1076 4172 j

149 4164 190 4222 bis
208 4162 389 4225 contendere.
422 4167 470 4223 An
491 4165 636 4246 inaquoso·
673 4170 751 4235 riom,
778 4170 808 4225 in
823 4186 897 4241 quom
917 4171 982 4225 inter
997 4179 1089 4240 paucos
1102 4187 1157 4228 cer-

148 4242 297 4321 pic'ntioiat
311 4248 372 4301 eain
385 4258 439 4308 nec
452 4242 579 4316 usu,nec
590 4262 635 4303 ta-
673 4256 761 4311 tatutn
774 4245 868 4304 verbis
874 4243 974 4320 fuerat.
1002 4246 1061 4305 Ubi
1077 4249 1157 4306 Sunt·

1094 4340 1156 4382 urus
