2596 4920
206 349 900 473 :rennuunnrontun
999 420 1096 481 mm

89 566 162 619 rum
176 551 307 620 correxi
324 540 525 634 diligenter:
548 542 669 612 deinde
689 547 786 633 (quia
802 546 874 615 dies
887 545 955 634 ipsa
968 551 1001 619 dc
1015 548 1095 623 usuc

89 634 225 718 longior
248 653 318 705 non
331 651 406 699 raro
420 629 560 723 meliora
575 628 695 709 docet)
719 631 884 716 quaedam.
894 633 1065 703 immutavi
1074 664 1094 721 ,·

91 717 203 800 adieci
217 736 288 785 non
303 734 424 803 pauca,
433 716 559 783 detraxi
575 713 1025 801 quamplurima‚praesertim
1040 740 1088 789 err

92 800 220 869 Latinis
243 801 313 868 illis
326 797 537 888 synonymis,
559 815 643 882 quae
657 816 842 945 [puerorum
862 799 995 884 ingenia
1016 822 1093 870 ma-

91 885 143 971 gis
166 903 302 952 onerare
321 904 416 971 quam
436 884 593 968 adjuvare
609 899 654 980 po
681 881 922 951 evidebantur.
951 884 1089 957 Etenim

114 983 247 1042 uatem
269 1031 274 1042 .
294 983 336 1037 re·
347 969 491 1054 juvenis·
505 965 660 1039 Lutetrae
675 963 878 1060 docebam,
903 983 994 1039 tanta
1015 987 1096 1041 erat·

89 987 145 1135 Pid
166 1073 230 1140 quo
275 1069 345 1121 tute
367 1053 491 1139 opinor
504 1070 610 1137 prope
626 1048 822 1142 meministi)
844 1051 879 1119 in
895 1052 1090 1139 authoribus

91 1136 276 1205 enarrandis
292 1135 504 1223 superstitio,
526 1152 564 1201 ut
586 1151 652 1218 quo
669 1132 761 1219 plura
775 1136 909 1221 quisque
923 1131 1094 1219 vocabula

90 1220 132 1295 ad
141 1222 233 1298 idem
249 1221 476 1309 pertinentia,
504 1218 571 1294 srve
586 1226 665 1303 apte
676 1215 743 1291 five
755 1216 1093 1315 inepteinculcaret‚

87 1322 131 1371 eo
152 1303 282 1372 dodlior
299 1305 408 1399 vulgo
416 1303 610 1384 haberetur,
634 1303 1093 1393 atqueaudrtonumhaberet

86 1386 190 1474 longe
205 1387 422 1471 frequentius.
466 1386 534 1453 Cur
548 1379 603 1451 hic
618 1383 702 1449 mihi
722 1401 790 1449 non
806 1384 927 1462 liceat,
948 1380 1091 1468 praeser-

44 1525 49 1535 .
92 1472 154 1537 tim
164 1470 256 1554 -apud
272 1470 436 1550 amicum,
459 1469 544 1554 quafi
564 1487 617 1535 me
637 1466 801 1547 alterum,
832 1464 1035 1549 exclamare,
1058 1468 1092 1536 0

88 1553 261 1639 t'empora!
286 1550 318 1615 O
334 1552 461 1619 mores!
484 1551 515 1618 Ο
530 1548 743 1616 miserandam
755 1548 964 1632 juventutem
973 1595 986 1630 ,
1000 1554 1094 1634 'quae

92 1650 187 1702 tanta
210 1633 385 1717 mercede,
408 1646 497 1701 tanta
508 1635 628 1717 jactura
642 1633 822 1718 temporis,
839 1650 928 1717 *quae
944 1628 1019 1728 post
1034 1630 1094 1699 de·
1206 1634 1209 1645 '

93 1715 252 1789 discenda
270 1710 393 1799 effent,
412 1717 610 1784 docebatur!
632 1717 918 1802 Supervacaneam
935 1711 1091 1805 igrtur'il·

92 1802 161 1866 lam
176 1801 349 1889 uerborum
364 1801 516 1896 copiam,
532 1801 641 1895 inqua
659 1797 872 1882 congerenda
888 1799 992 1882 magis
1005 1813 1093 1867 tem·

91 1882 165 1970 pori
188 1888 282 1978 quani
305 1901 382 1949 meo
409 1880 507 1969 ipsius
527 1882 655 1967 judrcio
679 1880 883 1963 servieram,
913 1900 1032 1966 magna
1046 1901 1092 1952 ex

90 1981 184 2052 parte
197 1983 245 2031 rra
259 1959 389 2046 sustuli,
411 1983 450 2031 ut
464 1965 533 2048 ejus
568 1967 675 2043 eneric
687 1964 772 2031 nihil
787 1962 861 2030 fere
876 1963 1091 2050 reliquerim,

89 2047 148 2117 nisr
171 2046 261 2135 quod
287 2064 343 2113 aut
373 2047 384 2112 i
410 2046 470 2114 sius
495 1985 643 2113 antinous
662 2047 772 2114 verbis
795 2047 898 2130 magis
918 2048 1090 2131 proprium

89 2130 174 2213 elie,
196 2143 253 2196 aut
268 2146 359 2196 certe
374 2066 499 2196 sensum
513 2129 673 2196 illustrare
690 2131 869 2194 videretur.
894 2126 1091 2215 Postremo,

86 2215 164 2366 ἓιιιία
185 2211 294 2280 nostra
316 2211 444 2296 Lingua
464 2211 585 2279 multas
609 2210 709 2276 habet
735 2209 875 2294 insignes
890 2206 1092 2297 sententias,

133 2296 312 2384 proverbia
325 2316 392 2362 non
411 2293 677 2376 contemnenda,
699 2290 837 2383 Gallicis
853 2293 1000 2379 expressa
1015 2315 1093 2364 ver·

87 2380 200 2462 libus,
230 2399 294 2467 ego
315 2378 358 2445 ad
379 2398 495 2446 eorum
516 2378 739 2445 imitationem
762 2377 940 2462 unicuique
966 2375 1092 2448 Latino

89 2462 244 2530 Disticho
261 2460 430 2530 Gallicum
445 2480 577 2548 quoque
592 2459 736 2545 subjeci:
760 2479 796 2527 ut
819 2462 916 2527 &res
933 2459 1002 2547 ipsa
1022 2482 1091 2531 ma·

87 2547 197 2633 jorcm
210 2545 347 2611 haberer
399 2545 752 2628 atiam,&memoriae
767 2562 944 2630 puerorum
962 2542 1093 2614 senten·

92 2628 140 2695 tia
165 2629 313 2694 tenacius
335 2629 370 2694 in
397 2645 533 2695 aereret.
583 2626 810 2717 Quamobrem
856 2627 990 2694 uoniam
1013 2629 1093 2696 huic

92 2707 257 2796 opusculo
269 2728 400 2776 manum
414 2712 482 2793 iam
499 2709 680 2796 supremam
703 2709 841 2796 imposui
868 2709 983 2776 emihi
999 2711 1093 2778 vide-

91 2795 167 2884 bar,
190 2812 253 2861 nec
273 2792 357 2859 alius
378 2793 546 2878 quisquam
567 2792 783 2877 occurrebat,
804 2793 879 2879 cui,
901 2812 963 2879 pro
982 2792 1095 2863 nostra
1134 2793 1138 2801 ’

91 2892 208 2946 vetere
230 2876 396 2958 amicitia,
419 2875 579 2943 libentius
602 2894 697 2959 quam
711 2875 771 2944 tibi
787 2876 822 2943 id
836 2874 942 2961 ipsum
959 2877 1091 2946 traden-

91 2963 170 3030 dum
211 2977 356 3027 utarem:
380 2975 434 3040 te,
456 2960 500 3025 mi
517 2958 683 3043 Roberte,
707 2959 790 3026 licet
805 2960 840 3026 in
856 2960 924 3027 illis
942 2960 1091 3030 heroicis

90 2979 246 3130 operibus
260 3042 323 3110 tuis
339 3042 764 3140 occupatiffimum,tamen
780 3043 847 3110 hoc
863 3060 1015 3129 tempore
1029 3045 1093 3111 hac

92 3129 134 3194 de
161 3147 199 3193 re
227 3125 406 3213 perpufilla
433 3127 646 3212 interpellare
668 3146 735 3193 non
759 3127 935 3208 dubitavi,
964 3127 1095 3210 tibique

91 3211 176 3276 banc
191 3210 409 3358 postremam,
427 3225 464 3276 ut
479 3206 597 3295 spero,
613 3207 796 3276 editionem
812 3210 922 3276 denuo
939 3209 1093 3276 commit·

93 3308 183 3372 tere,
208 3309 335 3360 uturum
355 3293 590 3375 considerantur
606 3293 738 3360 tantillo
754 3293 891 3377 negotio
910 3292 943 3356 in
960 3288 1096 3360 officina

95 3392 150 3441 tua
167 3374 232 3441 loci
248 3376 369 3462 aliquid
384 3378 559 3444 invenires.
583 3376 666 3443 Rem
682 3375 782 3459 igitur
797 3373 931 3440 minime
948 3371 1008 3437 tibi
1028 3373 1094 3444 dif.

79 3456 240 3539 ficilem,
262 3459 293 3524 dc
312 3460 425 3527 multis
440 3460 547 3546 (quod
562 3460 715 3547 equidem
730 3454 846 3542 spero)
865 3453 1093 3544 profuturam,

93 3561 172 3608 meo
195 3540 226 3606 dt
247 3559 423 3626 puerorum
436 3543 592 3624 nomine,
614 3542 731 3628 quibus
752 3536 881 3622 semper
902 3537 1017 3606 labore
1033 3560 1094 3610 tuo

93 3623 273 3711 plurimum
289 3621 458 3692 consulere
475 3623 641 3707 studuisti,
657 3644 698 3690 err
716 3622 828 3687 animo
843 3617 997 3708 suscipies
1014 3627 1094 3694 tuis·

94 3727 158 3791 que
204 3707 283 3774 reiis
305 3704 540 3792 subjiciendam
561 3709 668 3794 primo
689 3723 820 3802 quoque
836 3721 985 3793 tempore
1001 3729 1095 3776 cura-

95 3791 157 3858 bis.
225 3811 270 3858 on
286 3788 352 3871 est,
368 3793 459 3881 quod
475 3808 508 3883 te
527 3790 675 3878 pluribus
689 3787 798 3855 verbis
814 3807 868 3856 aut
881 3810 1015 3875 rogem,
1040 3805 1098 3858 aut

96 3875 200 3948 etiam
221 3876 439 3962 admoneam,
462 3877 554 3959 cujus
575 3869 774 3942 &industria
788 3872 820 3942 dr
833 3873 1096 4018 diligentianffffin

1079 3999 1092 4036 2
