2596 4920
220 718 292 805 418
365 674 1123 779 uuxnrcrcn‘nunotnrnnt

225 837 375 893 tentore
394 816 413 882 s
416 816 627 909 :rtis-:gorm
650 808 839 903 praestigjes
863 808 976 903 legum
996 811 1158 881 vinculis
1175 813 1243 881 Ro·

228 898 303 977 rnae'
322 901 442 968 solatas
458 896 564 962 stitte-
604 898 718 961 sumta
731 913 833 977 mags
850 892 991 957 licentia
1007 894 1059 959 est
1078 896 1133 961 bis
1150 918 1243 965 aeru-

229 988 412 1057 statorias
436 985 468 1046 in
492 982 599 1060 urbe,
626 998 722 1064 quam
745 978 822 1071 lege
844 975 1027 1073 permissa..
1054 980 1244 1065 Aurelia,

230 1090 321 1139 certe
346 1069 525 1133 blaecems
548 1067 582 1129 in
606 1082 646 1127 ea
667 1078 849 1138 oratione,
873 1076 1000 1145 etqua
1017 1062 1081 1127 ille
1097 1086 1167 1131 tem
1182 1086 1242 1150 pu·

228 1156 354 1223 blicam
377 1147 577 1227 constiutit,
599 1163 732 1230 praeter
758 1140 917 1235 suspicet
937 1150 970 1210 dt
988 1144 1166 1231 Augures,
1186 1150 1243 1233 qui

231 1236 447 1321 antiquiffima
461 1232 625 1315 religione
639 1224 823 1294 con-sectati
841 1226 1056 1293 habebantur
1071 1232 1107 1297 dt
1122 1230 1242 1313 saneti,

232 1340 326 1387 vates
347 1318 431 1383 alios
454 1313 606 1399 probatl'e
627 1332 693 1378 non
718 1311 862 1405 sidetur.
899 1309 1083 1377 imovero
1099 1318 1244 1403 reliqsot

232 1402 425 1473 toterandos
442 1396 507 1464 etse
529 1417 599 1463 non
621 1393 758 1462 censuit
790 1392 876 1475 Legi
890 1394 1019 1477 selim,
1042 1416 1135 1481 quae
1151 1402 1195 1465 de
1208 1420 1244 1465 ea

234 1508 272 1555 re
288 1484 382 1551 Dion
397 1481 473 1548 Lib.
490 1498 563 1547 tlt.
581 1500 656 1601 paq.
673 1494 746 1561 492.
782 1477 849 1544 Sed
863 1496 908 1573 ne
923 1476 1084 1565 Augusto
1101 1484 1137 1549 d:
1154 1486 1246 1551 bite

233 1570 346 1639 cenati
370 1567 541 1632 dumtaxat
562 1561 763 1649 disp.icuitse
781 1558 952 1647 intellrgzs
965 1562 1162 1647 has’artes3
1182 1566 1245 1635 sae·

262 1653 362 1721 ifflme
386 1648 595 1717 interdiclum
616 1644 686 1729 est,
708 1646 740 1711 dt
761 1642 835 1710 fere
849 1645 892 1709 ab
903 1646 1070 1714 omnibus
1085 1650 1245 1737 Principi-

234 1672 325 1818 ξω,
355 1755 392 1800 ne
418 1738 487 1819 quit
512 1736 626 1796 ormino
645 1731 809 1827 bujutmdt'
830 1730 954 1801 ineptiis
964 1730 1036 1815 fise
1055 1734 1243 1818 iungam,

279 1840 319 1886 ae
342 1818 444 1884 verba
465 1814 538 1882 sunt
562 1814 696 1965 Ulpiani
720 1833 754 1879 tn
878 1830 985 1894 ento,
1007 1817 1108 1901 quod
1125 1820 1244 1885 Autior

294 1903 440 1970 llationis
455 1902 566 1983 legum
583 1900 607 1965 ll
624 1896 806 1964 osaicarum
841 1894 1100 1967 ’Romanarum
1117 1901 1243 1969 conser-

235 1990 330 2054 varit
351 1984 452 2051 titulo
467 2003 523 2077 itu.
541 1984 657 2068 inquo
672 1981 773 2046 etiam
788 1997 955 2045 memorat
967 1980 1241 2066 Jtrrisconsulmt,

235 2072 328 2137 varie
351 2070 484 2153 punitos
510 2064 626 2147 fuisse,
648 2065 704 2150 qui
728 2081 783 2129 eas
807 2078 894 2128 atter
909 2082 1166 2152 exemerunt,
1188 2088 1242 2157 pro

238 2156 368 2221 ratione
399 2147 665 2215 consultationis.
707 2145 828 2242 Capite
849 2166 996 2295 ungue
1020 2170 1155 2237 poenas
1180 2155 1239 2220 lue·

235 2252 333 2315 runt,
356 2233 472 2317 quide
493 2229 597 2297 salute
620 2231 731 2296 Princi
758 2250 816 2309 rs,
846 2230 905 2295 vel
952 2250 974 2296 e
998 2232 1130 2303 summa
1145 2238 1240 2322 reipu-

236 2318 347 2385 blicae
371 2314 627 2396 consuluerunt,
651 2333 717 2398 quo
763 2313 796 2377 dt
818 2311 921 2394 Julius
937 2314 1077 2386 Paullus
1093 2321 1197 2387 docet
1208 2320 1238 2384 in

239 2402 399 2485 Receptis
415 2400 596 2464 Sententiis
613 2397 685 2462 Lib.
697 2418 730 2458 v.
742 2395 909 2479 Capxxt.
928 2402 1025 2481 cujus
1040 2404 1241 2469 moderatio

236 2502 313 2550 nem
328 2492 360 2547 dc
375 2479 636 2566 sapientiffimum
653 2479 825 2545 consilium
840 2482 915 2564 quis
929 2503 997 2549 non
1014 2484 1171 2550 laudibus
1187 2505 1244 2551 ex·

237 2566 349 2646 tollit,
359 2565 448 2650 quod
462 2562 625 2648 subjungit
641 2564 894 2629 rancinantium
908 2563 1151 2659 poenjs2Nam
1160 2585 1242 2633 cum

235 2651 324 2717 inter
347 2649 506 2714 ,lut‘tores
531 2648 671 2713 Romani
692 2648 771 2728 iuris
791 2646 962 2714 vastatum
983 2648 1106 2728 lebet,
1130 2668 1246 2716 utrum

235 2732 394 2821 professio
410 2730 477 2798 sola
491 2733 568 2796 artis
584 2733 709 2796 vetitae
725 2732 1006 2813 damnaretur‚an
1022 2734 1124 2798 etiam
1138 2730 1246 2801 scien-

240 2819 314 2898 tia,
344 2816 409 2898 (de
450 2836 489 2881 ua
513 2815 724 2880 dubitatione
744 2814 899 2879 nonnihil
921 2834 1057 2902 quoque
1080 2816 1245 2903 Ulpianus

238 2900 321 2968 loco
343 2837 454 2982 ditltss
497 2918 655 2983 uunquam
677 2898 816 2983 pronior
836 2898 972 2963 videtur
995 2898 1244 2969 absolventibus

239 2982 432 3061 scientiam,
449 2918 554 3048 nistilo
570 2983 679 3046 minus
695 2999 803 3046 tamen
819 2981 940 3047 melius
955 3002 1126 3070 ouemque
1142 2984 1242 3053 saelu-

242 3088 314 3133 rum
331 3065 464 3145 scribit,
488 3062 649 3130 abstinere
675 3063 742 3148 ipsa
757 3061 893 3158 scientia
909 3066 941 3130 dt
958 3052 1073 3134 Libris
1088 3070 1172 3152 eius.
1204 3068 1245 3135 Ut

243 3151 330 3216 adeo
347 3149 511 3231 intelligas
528 3146 701 3214 adhaefiffe
720 3147 797 3212 huic
812 3144 974 3213 scientiae
982 3150 1029 3216 ali
1053 3171 1133 3219 uam
1141 3154 1245 3219 labem

239 3234 273 3298 dt
287 3231 561 3316 maculam,quae
577 3230 702 3297 tametsi
719 3231 750 3295 le
775 3232 845 3295 ibus
860 3249 928 3298 noo
947 3233 1044 3299 inure
1090 3253 1244 3323 tur,pru

241 3314 390 3379 dentium
413 3329 522 3380 tamen
546 3315 739 3399 &gravium
789 3315 911 3379 irorunr
928 3318 1097 3402 opinione
1119 3321 1153 3388 dt
1165 3321 1243 3405 judi·

240 3397 296 3463 cio
319 3395 465 3482 adspersa
489 3397 565 3464 fuit.
609 3396 646 3463 ln
671 3416 809 3481 quorum
833 3396 989 3466 Virorum
1016 3422 1162 3471 numero
1184 3404 1244 3471 sirit

239 3478 443 3564 Dionysius,
473 3483 527 3566 qui
551 3479 705 3547 abstineri
731 3481 804 3546 vult
826 3500 893 3546 non
917 3500 1050 3552 tantum
1073 3485 1118 3552 ab
1132 3488 1242 3555 arte&

239 3562 398 3647 scicntia,
422 3562 478 3630 sed
498 3565 598 3629 etiam
614 3566 657 3629 ab
672 3564 913 3629 exercitatione
965 3586 1068 3655 atque
1082 3591 1101 3636 a
1118 3570 1241 3639 consul·

241 3650 368 3714 tatione
386 3667 520 3729 eorum,
536 3649 590 3732 qui
608 3648 679 3713 illas
695 3647 902 3732 profitentur.
961 3652 1018 3717 ide
1026 3672 1142 3722 autem
1151 3674 1242 3737 quan·

241 3747 310 3798 tum
331 3730 494 3816 discrepet
511 3730 717 3797 lloxhomius
733 3752 751 3795 a
766 3728 927 3796 sententia
941 3735 1126 3821 scriptoris
1142 3739 1243 3817 illius,

240 3818 294 3963 aui
314 3816 533 3881 collationem
556 3814 665 3899 legum
690 3812 882 3879 Divinarum
902 3816 935 3882 dt
953 3818 1183 3889 Romanarum
1199 3825 1242 3888 in·

272 3899 356 3962 ituit.
396 3898 425 3964 Is
449 3899 538 3962 enim
554 3898 587 3962 lc
611 3917 646 3964 es
670 3898 894 3964 Romanorum
912 3898 1183 3986 Imperatorum,
1204 3906 1242 3970 de

242 3980 406 4061 pellendis
431 3917 691 4067 coercendisque
714 3982 1018 4065 vaticinatoribus,
1050 3989 1246 4075 collegit&

241 4064 405 4128 cornmifit
420 4084 494 4129 cum
510 4064 637 4149 legibus
652 4065 800 4145 divinis,
822 4080 859 4129 ut
874 4063 1071 4135 ostenderet
1086 4088 1245 4139 utrarum·

243 4159 307 4223 que
333 4143 527 4213 Auctoribus
550 4147 593 4215 de
614 4167 654 4213 ea
676 4166 711 4212 re
729 4147 816 4212 idem
832 4146 926 4214 fuisse
943 4151 1049 4219 visum
1066 4155 1247 4224 constitue·

241 4240 304 4307 re,
336 4228 453 4311 quibus
472 4228 602 4299 diversa
624 4228 783 4319 placuisse
796 4246 914 4303 monet
926 4233 1162 4315 uouemus.
1199 4240 1248 4306 lta

1169 4340 1251 4395 tero
