2580 5076
357 738 937 832 onssnnnwo.
1085 698 1221 842 3ss

151 867 297 927 aetatem
317 870 497 940 puerorum
520 854 662 935 decent,
687 853 729 917 ad
753 872 836 937 quos
860 853 1056 938 diriguntur.
1097 857 1122 920 F
1125 877 1157 923 a,

153 950 256 1021 teor,
286 954 408 1023 pueros
438 934 642 1032 alloquitur,
673 956 748 1002 cum
774 938 905 1027 inquit,
940 937 1051 1003 Trocio
1077 937 1154 1025 iude,

152 1020 218 1090 Sed
244 1016 370 1109 spectat
392 1021 433 1104 ad
454 1037 627 1101 maritum,
653 1022 814 1107 conjugem
836 1041 922 1107 omo,
944 1020 985 1086 ad
1007 1037 1157 1107 patrem,

148 1103 280 1183 Liberos
300 1106 406 1185 nudi,
428 1105 471 1171 ad
485 1100 656 1187 Judicem,
683 1101 915 1191 recorrigens,
937 1101 1095 1191 quam'ipse
1107 1110 1157 1171 εμὲ

148 1188 244 1270 iaris,
267 1187 309 1275 ad
331 1186 491 1274 militem,
513 1188 626 1274 Pugno
638 1201 693 1272 pro
708 1187 830 1253 Patrio.
860 1187 956 1283 Quae
972 1190 1026 1273 qui
1042 1207 1156 1275 apue·

151 1273 198 1340 ris
244 1267 412 1337 raestanda
436 1269 621 1353 existimat,
643 1290 706 1337 nae
723 1271 782 1336 ille
800 1276 925 1337 aetates
942 1290 1058 1339 omnes
1075 1292 1158 1341 conr

151 1292 289 1435 ningit,
305 1351 456 1440 &ipsum
474 1370 607 1421 naturae
621 1355 672 1437 jus
689 1355 821 1420 evertit.
855 1354 961 1420 Mitto
977 1373 1159 1441 praecepta

151 1438 272 1505 mutila
292 1438 324 1505 dc
348 1436 502 1520 hiantia,
533 1440 564 1505 δι
586 1437 806 1524 impensem,
837 1437 868 1504 dc
890 1456 1003 1522 parum
1028 1438 1158 1506 Latina.

153 1517 308 1615 Quaeso,
331 1521 413 1607 quid
435 1521 494 1589 sibi
516 1521 590 1587 vult
629 1521 806 1588 ostremum
823 1523 989 1603 omnium,
1014 1523 1160 1589 Libenter

143 1607 230 1691 ferto
246 1604 398 1671 omum?
419 1604 452 1672 Si
470 1605 537 1671 hoc
554 1541 657 1686 vefft,
675 1606 806 1672 Gratum
822 1602 927 1682 ribifit
942 1609 978 1670 oi
995 1606 1067 1672 aliis
1078 1627 1163 1674 amo·

149 1694 182 1754 ri
221 1685 461 1774 supervacuum
486 1688 533 1754 est
556 1692 801 1774 praeceptum,
832 1690 921 1772 quod
944 1689 1078 1776 quisque
1099 1689 1161 1757 sei·

150 1735 244 1857 pi'um
269 1771 384 1838 docet.
423 1772 456 1839 Si
476 1788 585 1838 autem
599 1773 777 1857 intelligit,
803 1770 945 1837 Libenter
959 1791 1045 1854 ama,
1068 1773 1158 1840 Lati·

148 1874 231 1922 num
256 1855 313 1922 vix
337 1856 421 1939 erit,
443 1873 535 1922 certe
555 1856 726 1939 ambiguae
745 1852 950 1936 sententiae,
966 1856 1071 1939 serre,
1094 1875 1157 1942 pro

148 1940 266 2022 deferre
278 1956 415 2004 amorem·
443 1937 670 2006 Praefationes
685 1936 776 2024 quod
792 1940 985 2020 concernit,
1003 1940 1060 2006 illa
1073 1959 1158 2025 quae

148 2020 299 2113 praefixa
319 2019 396 2089 Lib.
420 2040 458 2090 11.
481 2043 550 2090 non
575 2022 675 2088 video
699 2022 870 2107 quomodo
894 2023 936 2087 ad
953 2041 1022 2088 rem
1039 2023 1156 2103 faciat.

150 2103 208 2171 An
230 2123 300 2173 non
315 2106 511 2193 ineptirem,
533 2105 716 2187 fiamorem
732 2107 780 2190 rei
796 2106 949 2181 militaris
965 2105 1036 2172 filio
1051 2105 1156 2193 insti17

148 2188 278 2255 laturus
300 2186 345 2259 iic
368 2191 512 2267 ordirerr
534 2191 568 2257 Si
587 2190 685 2276 gulae
710 2205 785 2255 tuae
810 2186 1018 2275 prospectum
1035 2191 1132 2258 voles
1139 2239 1154 2273 ,

148 2271 219 2354 iili,
250 2273 324 2358 lege
342 2270 492 2357 Caelium
508 2271 853 2371 Apicium,summurn
870 2274 1057 2341 medicinae
1071 2275 1151 2341 adu·

147 2356 278 2423 latricis
308 2356 481 2425 artificem.
520 2360 555 2425 81
585 2357 626 2423 ad
655 2355 823 2423 struendas
845 2357 943 2424 aedes
965 2358 1155 2445 magnificas

148 2441 294 2506 animum
310 2456 402 2508 tuum
419 2460 461 2527 ap
488 2441 591 2507 ellere
605 2440 819 2524 decreveris,
844 2459 885 2507 ea
901 2442 1045 2524 evolve,
1069 2462 1153 2528 quae

147 2523 323 2591 Vitruvius
339 2524 382 2592 de
399 2460 620 2591 arci'iteoura
636 2541 788 2593 veterum
808 2524 1023 2610 consignavit.
1042 2525 1154 2592 Atve-

145 2624 187 2673 ro
208 2607 231 2676 ii
253 2608 296 2674 ad
315 2608 469 2675 militiam
493 2622 527 2674 te
550 2628 762 2695 componas,
793 2605 928 2675 consule
952 2608 1154 2707 Vegetium,

146 2688 373 2776 Frontinum,
396 2692 570 2777 aliosque,
600 2694 655 2778 qui
679 2693 721 2759 de
739 2692 857 2757 militia
873 2692 904 2756 dt
917 2689 1153 2775 stratagematis

145 2776 301 2839 veterum
322 2775 498 2860 praeclara*
513 2776 617 2842 multa
638 2774 825 2861 prodidere.
864 2769 973 2839 Arisu
990 2772 1154 2862 abstinere

146 2875 220 2925 non
243 2854 401 2941 possum,
432 2858 511 2926 dum
534 2859 619 2924 haec
642 2856 763 2924 scribo.
808 2854 901 2922 Idem
923 2868 1034 2922 tamen
1063 2855 1152 2923 Cato

148 2957 215 3021 eo,
259 2957 337 3005 uem
362 2940 448 3023 dixi,
473 2942 553 3008 loco
577 2941 655 3026 agit.
697 2939 766 3008 Cur
780 2936 874 3005 Geor
898 2938 1025 3004 icorom
1041 2938 1103 3005 Vir
1126 2941 1152 3006 i·

145 3022 188 3119 iii
197 3068 211 3107 ,
233 2959 475 3111 floonoiograe
492 3025 623 3108 Macri,
649 3021 858 3115 Pharsalidos
874 2957 1025 3119 ἰυςεηῇ,
1042 2958 1150 3112 Napo-

146 3125 201 3175 ms
223 3124 372 3175 amonim
396 3110 601 3177 mentionem
626 3105 731 3188 facit3
754 3105 796 3171 de
813 3104 956 3186 cordatis
971 3122 1062 3172 vitae
1078 3124 1149 3172 mo·

144 3208 286 3277 rumque
298 3194 489 3343 graeceptis
507 3191 660 3260 aeiurus?
684 3192 737 3268 An
755 3208 823 3258 non
841 3192 971 3276 ineptus
989 3186 1037 3277 est
1052 3182 1148 3272 vetii·

144 3274 241 3355 culus
253 3292 297 3371 flea
321 3294 375 3343 em
389 3274 624 3359 Praefatione,

226 3390 265 3457 Si
278 3391 348 3478 quis
360 3408 461 3469 errrore
474 3390 551 3456 veiis
558 3438 569 3471 ,
592 3389 641 3456 vei
657 3387 763 3472 discere
775 3405 874 3454 amore
887 3386 1017 3486 egesar,

143 3504 200 3583 An
214 3527 284 3577 non
298 3510 453 3596 putidum
469 3505 517 3575 est
525 3555 537 3592 ,
561 3507 688 3576 ibidem
705 3503 800 3574 versu
822 3503 1087 3591 antepenultimo
1103 3505 1149 3573 le·

146 3608 248 3677 80103

229 3702 401 3794 Ursapierrs
414 3713 526 3792 oinos,
548 3713 619 3777 audi
636 3729 711 3798 qaae
724 3707 831 3795 discere
843 3706 941 3796 poffir.

142 3802 192 3872 Et
205 3804 326 3875 ultimo
341 3807 439 3878 versu
453 3812 542 3878 idem
558 3829 732 3897 repetere,

227 3907 315 3996 Ergo
326 3912 412 3993 ader,
434 3911 472 3986 id
484 3932 559 4000 quor
567 3909 611 3992 fit
620 3913 772 3997 sapentia
787 3911 861 3999 diste
876 3909 1007 3997 legendo.

140 4008 365 4096 Reliquorum
390 4004 567 4080 Librorum
593 4010 822 4079 Praefationes
837 4030 913 4079 -non
938 4025 1004 4078 tam
1027 4008 1149 4093 libros,

140 4092 261 4181 quibus
274 4095 442 4181 praefixae
457 4094 550 4177 sunt,
574 4112 671 4246 fluam
685 4110 793 4161 totum
801 4092 1151 4180 Opuscuiumconeem

139 4191 245 4277 nunt·
284 4176 388 4275 Quod
402 4198 470 4248 non
489 4197 572 4265 pote
614 4198 683 4247 non
699 4177 960 4275 reprehendere,
974 4180 1028 4264 qui
1043 4176 1152 4275 solido

137 4260 272 4355 iudicio
284 4257 458 4353 restrudus
472 4265 515 4333 ad
532 4262 711 4372 legendum
722 4260 867 4333 accedit.
904 4259 975 4348 Jam
989 4278 1101 4333 autem
1115 4278 1154 4342 nn

615 4346 644 4416 L
664 4358 685 4433 5
1077 4338 1153 4428 ipsss
