2580 5076
232 604 304 700 562
352 558 386 697 J,
411 574 1170 673 thotsssRANm'wlTHorn

229 745 699 902 sitirirtililiiltrs
707 742 1238 900 solidissimis&

232 906 324 969 tuissct
337 902 402 980 quod
414 914 439 959 te
446 900 522 976 juvet
534 911 588 957 urse
599 892 741 975 registra,
753 896 915 975 praesertim
928 912 998 957 cum
1011 901 1087 975 iius
1098 910 1156 957 ene
1167 902 1238 979 uagi

223 980 283 1061 stra
295 980 372 1040 fimus
386 978 460 1038 adeo
472 974 588 1037 venusta
602 975 650 1044 fit,
666 973 681 1032 d
696 974 795 1034 Celeb.
807 974 874 1035 Nic.
887 972 1015 1035 Heinfio
1027 972 1066 1034 ad
1074 974 1239 1055 Ovidiillpi

233 1060 299 1120 stol.
313 1055 435 1118 Heroid.
448 1072 498 1113 xv.
514 1055 548 1118 ri.
562 1058 608 1125 83.
627 1048 733 1110 affatim
755 1050 903 1124 illustrata,
924 1050 976 1111 &i
999 1049 1156 1112 seAuiior
1167 1056 1239 1113 etim

234 1138 301 1197 Lib.
322 1152 369 1194 111.
391 1131 465 1192 Dist.
485 1148 534 1189 xv.
548 1127 650 1188 dixerit
659 1123 807 1205 magistram
818 1130 908 1187 vienn
931 1128 951 1189 S
1008 1129 1101 1202 hujus
1114 1129 1237 1192 lociver

209 1264 214 1287 ,
234 1212 359 1275 &unser
369 1209 452 1269 lesbio
466 1207 533 1279 suit,
553 1223 636 1282 quam
649 1203 782 1277 diximus,
801 1203 874 1265 adeo
887 1204 1009 1281 elegans
1023 1204 1055 1265 dt
1069 1218 1155 1285 apte,
1166 1219 1196 1269 nt
1206 1209 1238 1268 nl

232 1289 276 1350 hil
294 1285 378 1379 poffit
400 1302 464 1345 curn
487 1302 520 1343 ea
536 1283 700 1359 comparari.
732 1282 874 1342 Pervenio
889 1298 972 1344 nunc
987 1280 1027 1343 ad
1038 1282 1154 1355 locum,
1171 1286 1238 1356 ersus

236 1364 376 1425 restitutio
398 1362 426 1421 dc
445 1358 603 1421 emendatio
617 1373 649 1419 ut
660 1358 808 1439 palmaria,
827 1361 868 1418 itu
879 1360 953 1419 mihi
969 1360 1169 1433 jucundissima
1180 1360 1237 1422 suin

237 1442 302 1505 Lib.
317 1458 360 1500 tv.
373 1437 448 1500 Dist.
462 1456 504 1498 tv.
523 1448 556 1497 ut
567 1436 636 1496 olim
651 1437 756 1512 ubique
769 1432 869 1497 lecbrm
883 1435 956 1497 flur:

347 1530 443 1607 Dilige
451 1526 613 1597 denarium,
624 1525 674 1605 sed
682 1523 988 1605 persediligrfonnon‚

351 1605 440 1693 Quor
450 1601 640 1681 inuisoribus,
659 1622 704 1663 nec
718 1599 830 1678 botufltc
842 1616 935 1681 captat
947 1607 988 1665 ab
1003 1624 1087 1668 aere.

236 1709 285 1769 Sic
298 1720 397 1764 omnes
413 1701 506 1778 scripti
519 1698 588 1758 editi
609 1717 645 1759 ue
656 1701 736 1759 Libri
749 1697 908 1759 constanter
922 1699 1105 1762 habuerunt.
1131 1700 1236 1761 Futtlite

236 1797 395 1923 instit
408 1718 612 1915 ,litters
624 1774 1236 1922 ttttlttmltnrrsbttnu

603 1894 613 1922 9
999 1900 1009 1926 i

239 1938 374 1999 Librariis
388 1937 525 2009 imputare
538 1929 682 1991 debuisset.
709 1932 728 1992 S
781 1928 916 1990 stoliditas
930 1875 1155 2010 praeceptijam
1169 1932 1236 1992 omit·

239 2028 314 2076 tntur
322 2058 330 2084 ,
338 2012 373 2073 ad
385 2028 470 2088 quarn
483 2007 663 2068 minuendam
675 2025 759 2084 quam
773 2008 803 2068 se
814 2020 970 2082 torqueant
981 2006 1240 2088 interpretenutde

240 2091 356 2151 denario
372 2089 399 2147 ἀ
412 2086 518 2146 denarii
532 2084 623 2143 forma
634 2083 743 2156 dicant,
762 2102 836 2162 quae
855 2101 917 2144 non
930 2085 1141 2160 exsrbilentut,
1159 2083 1237 2148 ned«

239 2184 361 2227 narrare.
390 2166 438 2224 De
450 2162 530 2222 versu
544 2174 653 2221 tantum
667 2162 790 2222 dicemus
803 2162 878 2239 prius
893 2161 973 2237 ipso,
993 2166 1045 2241 qui
1061 2183 1168 2225 vocem
1178 2163 1240 2222 rso

239 2247 308 2303 rium
327 2259 386 2300 non
406 2238 536 2298 admittit.
567 2238 648 2297 Nihil
668 2240 799 2299 Scriverii
813 2240 979 2311 Inventum,
1000 2242 1075 2302 nihil
1088 2238 1240 2303 Daumiis·

240 2321 317 2380 milia
330 2316 458 2389 exempla
472 2332 506 2373 er
520 2317 613 2374 omnis
628 2316 724 2374 aetatis
738 2318 822 2375 etiam
835 2316 948 2374 infimae
958 2317 1239 2393 poentbtsclaustn·

238 2398 311 2459 libus
325 2391 456 2466 congesta
466 2392 575 2463 iuvant.
600 2392 759 2450 Praevaluit
770 2395 808 2451 ita
829 2409 867 2452 ne
880 2395 973 2469 magni
986 2394 1124 2470 Scaligeri
1138 2397 1240 2455 senten·

238 2475 278 2532 tia
291 2467 491 2545 interpolatum
503 2465 572 2524 illud
583 2464 670 2523 deruit
682 2467 708 2528 dc
721 2485 790 2527 mox
806 2411 893 2555 {uon
906 2468 1095 2541 obtrudentis,
1118 2485 1153 2531 ut
1163 2486 1240 2530 ntmc

238 2547 326 2624 vulgo
346 2544 509 2612 exhibetur3
529 2560 587 2618 quo
607 2544 689 2620 pailo
708 2547 755 2605 via
775 2545 944 2606 emendandi
954 2544 1095 2606 difficilior
1107 2545 1240 2608 reddere·

240 2639 302 2696 tur,
323 2623 373 2683 nisr
394 2622 539 2688 sciremus,
561 2619 589 2679 id
603 2622 663 2691 ejus
677 2622 731 2680 esse
746 2637 954 2694 commentum,
973 2623 1052 2699 cujus
1064 2626 1240 2701 incompm·

239 2705 304 2765 bilis
317 2703 379 2762 Viri
393 2698 587 2775 intempestiva
600 2699 759 2760 Auctoritas
778 2701 892 2777 optImis
907 2702 1089 2778 scriptoribus
1105 2701 1187 2781 saepe
1199 2699 1240 2760 dr·

239 2781 337 2842 mnosu
357 2779 419 2838 suit.
444 2774 523 2834 Idem
546 2777 591 2834 hic
606 2778 734 2853 contigit.
760 2777 901 2837 Omnibus
923 2780 1082 2838 rationibus
1099 2781 1176 2839 bene
1188 2778 1238 2839 sub

242 2860 348 2926 duciis,
369 2858 479 2914 intuens
501 2870 587 2911 voces
601 2850 728 2928 sonnatr,
740 2850 860 2932 sardic,
880 2851 1016 2928 moestus,
1036 2856 1184 2935 multaque
1196 2857 1240 2914 uir

243 2933 419 2995 considerans
439 2929 547 2989 offirmo
570 2931 678 3000 secure,
698 2932 850 2992 Auttoren
868 2932 955 3010 longe
977 2931 1055 2994 atiud
1074 2934 1126 2997 hic
1140 2949 1237 3012 prtecc

242 3026 323 3093 ptum
336 3009 446 3070 dedisse.
472 3006 611 3078 Emendn,
633 3010 734 3080 scribe,
753 3008 832 3085 lege:

356 3110 450 3187 Dilige
463 3121 506 3179 te,
527 3122 651 3196 tenerum
655 3108 706 3188 sed
707 3111 787 3247 w
797 3110 880 3189 dilige
885 3108 1022 3188 femen,

358 3186 447 3270 qum
457 3204 526 3244 nemo
532 3188 637 3264 sanlius
649 3207 693 3245 nec
759 3183 817 3264 stur
834 3201 912 3249 curat
925 3189 1045 3253 babere.

243 3287 289 3345 En
302 3301 413 3342 auream
427 3283 511 3358 plane
522 3298 718 3360 praeceptum,
738 3303 849 3346 auream
863 3284 1048 3346 sententiam!
1068 3288 1134 3364 Te,
1148 3291 1242 3366 inquit.

244 3361 394 3422 secundum
406 3373 519 3420 naturae
531 3361 576 3431 jus
592 3363 724 3437 legesque
737 3360 837 3438 dilige,
851 3360 896 3421 sed
909 3361 1034 3424 formam
1049 3376 1181 3429 teneram
1193 3365 1244 3426 diii·

244 3459 281 3515 ge
299 3457 398 3515 parce,
418 3455 501 3514 quum
520 3455 604 3497 nemo
625 3440 730 3498 sanstus
750 3438 942 3514 honestusque
961 3441 1076 3502 habere
1093 3462 1188 3517 curat,
1204 3453 1245 3505 eut

245 3516 428 3592 magnifacit.
458 3514 566 3589 syllabt
585 3528 610 3573 te
623 3517 696 3574 male
708 3515 805 3576 omissa
821 3515 920 3577 &non
935 3519 1081 3591 geminati
1097 3541 1136 3584 ex
1148 3537 1246 3583 teret·

245 3593 328 3652 fluxit
346 3593 475 3649 denarium
493 3590 651 3651 incredibili
668 3591 821 3653 stoliditate
832 3606 877 3653 tot
887 3596 995 3670 magnis
1009 3594 1151 3677 deinceps
1165 3598 1246 3662 bomi-

244 3672 327 3730 nibus
349 3671 466 3729 multum
486 3671 594 3743 negotii
609 3672 769 3732 excitaturi.
793 3671 839 3731 Eo
849 3684 942 3730 autem
954 3671 1031 3732 fatto
1044 3687 1134 3738 tanto
1147 3678 1247 3740 udin

246 3744 280 3805 τὲ
300 3746 385 3804 buben
405 3746 435 3804 in
453 3747 484 3803 ab
503 3763 558 3802 aere
573 3750 715 3823 corrumpi
730 3749 834 3823 potuit.
872 3750 939 3808 Vox
944 3746 1057 3826 sorbus
1070 3756 1244 3830 peculiariter

245 3823 282 3882 de
296 3823 390 3894 castis,
410 3841 443 3882 ac
458 3822 566 3900 pudicis
588 3824 741 3900 usurpatur.
768 3825 903 3901 Exempla
925 3828 954 3885 in
975 3827 1144 3903 Cicerone,
1165 3832 1246 3908 Virgi-

246 3899 302 3967 lio,
322 3900 466 3972 Phaedro,
486 3900 603 3975 aliisque
624 3902 733 3961 exstant
748 3903 970 3962 innumerabilia.
997 3904 1076 3965 Vide
1098 3910 1143 3969 Cl.
1157 3910 1246 3970 Duke-

244 3991 306 4032 rum
324 3976 358 4035 ad
372 3979 448 4036 Flori
463 3979 525 4039 Lib.
543 3995 588 4037 11.
605 3978 672 4053 Cap.
689 3997 731 4038 vr.
744 3976 920 4056 ubisaniiitus
933 3979 1062 4054 Scipionis
1074 3987 1246 4061 praedicetur

245 4066 283 4108 co
302 4051 396 4123 sensu,
420 4055 573 4114 Clausulam
585 4054 707 4115 Distichi
719 4055 829 4133 sumpfit
844 4057 1020 4119 saniliffimus
1034 4059 1160 4140 scriptor
1175 4062 1245 4123 esus

245 4126 385 4200 Horatio,
405 4132 454 4207 qui
467 4134 531 4193 Lib.
543 4149 579 4196 11.
591 4132 682 4208 Epist.
696 4151 737 4195 ιι.
757 4136 789 4202 ri.
806 4139 869 4199 182.
883 4133 993 4207 scribit,
1014 4134 1081 4198 iios
1092 4142 1142 4215 qui
1151 4139 1246 4202 nmis

1162 4220 1245 4286 noti
