2580 5076
168 648 242 728 su
290 614 1112 723 J.1a1nnaauuun1wiauoa1t
1175 688 1180 695 .

150 782 231 841 ‘Lm
247 795 267 836 1.
286 773 361 834 Dist.
375 788 457 832 xxm.
478 768 521 827 Sic
537 771 584 826 uu
601 767 781 843 mammilio,
799 785 847 826 nec
858 780 963 826 mm
975 767 1110 828 &tabern
1120 775 1170 834 ulli

165 861 247 920 Hanc
266 853 414 911 lclllonem
436 845 565 924 praefero
585 847 661 915 aliis,
680 846 730 921 qui
749 842 855 922 uniens
874 845 930 901 ulli
952 847 1115 917 exhibent,
1132 866 1171 909 aut

166 936 250 1003 etiam
268 943 357 1002 paruo
376 942 430 1002 pto
452 924 571 995 ciuium,
593 937 623 980 ut
643 923 748 982 Erasmi
763 920 881 990 Editio,
904 918 938 979 ἃ
951 923 983 980 in
998 925 1170 984 Praefatione

165 1007 330 1069 Malichius.
356 1002 435 1060 Male
450 1001 533 1058 etiam
546 997 698 1070 Planudea,
714 998 741 1057 ἃ
755 998 883 1072 Scaliger
896 998 931 1056 in
948 999 1096 1061 Veronae
1110 1006 1170 1062 omi·

166 1086 261 1144 serunt
275 1078 416 1154 emphalin
431 1078 588 1137 Verborum
602 1093 647 1133 nec
658 1075 721 1141 tili,
741 1091 784 1131 nec
799 1076 868 1142 ulti3
882 1077 1000 1150 absque
1016 1094 1076 1152 qua
1090 1097 1168 1155 oppa

167 1162 270 1220 sitione
287 1154 383 1233 putida
402 1154 557 1227 tautologia
576 1152 658 1212 lorea
697 1152 803 1210 Melius
819 1149 902 1208 illam
919 1153 1036 1212 Mattlu
1055 1154 1170 1215 Zubena

168 1238 196 1296 ἃ
230 1235 279 1291 oh.
303 1232 409 1306 Mylius
431 1246 555 1288 necnon
568 1231 655 1288 Mart„
670 1229 786 1304 Opitius
803 1229 833 1285 in
848 1227 905 1285 suis
925 1230 1052 1289 Graecis
1065 1235 1168 1292 Germ

165 1314 292 1385 measque
305 1307 484 1366 versionibus
500 1305 689 1379 observatum,
709 1306 813 1363 Horat.
830 1304 901 1362 Lib.
916 1322 942 1364 1.
961 1305 1024 1367 Sat.
1043 1324 1076 1368 11.
1091 1312 1166 1373 tao

165 1389 285 1448 Sauum
295 1397 368 1458 atquae
380 1385 459 1441 animi
473 1381 537 1456 quod
545 1385 620 1456 parui
630 1383 691 1442 nolit
702 1379 796 1439 baberi.

202 1465 269 1523 Lib.
283 1479 308 1520 1.
328 1458 401 1519 Diu
414 1474 522 1518 xxxin.

333 1573 393 1613 uum
406 1553 481 1611 dulia
493 1552 593 1612 incenis
604 1550 712 1633 versetur
724 1552 778 1612 vita
785 1551 912 1627 perulis,

332 1650 358 1689 ro
371 1634 441 1689 lucro
450 1632 566 1705 ailinane
576 1632 657 1701 diem,
676 1632 838 1707 quicunque
856 1632 990 1693 laboras.

163 1728 275 1805 lnfigne
296 1728 342 1786 hic
365 1727 442 1787 ulcus
463 1727 592 1786 occurrit.
612 1726 697 1787 MSS.
718 1724 745 1784 ἃ
763 1725 921 1786 Editiones
938 1731 1063 1791 Veteres
1075 1730 1111 1792 ia
1124 1730 1161 1790 ha

163 1809 286 1866 buerunt
305 1821 420 1873 omnes;
438 1804 489 1861 nisi
510 1803 587 1877 quod
604 1803 726 1862 Daumio
743 1799 812 1860 teste
827 1803 952 1864 Gloll'ae
966 1807 1056 1868 MSS.
1069 1825 1161 1883 quotu·

160 1902 208 1959 que
220 1881 390 1958 praeferant.
411 1879 489 1958 quod
503 1882 575 1938 bene
589 1878 740 1938 notandum
754 1876 804 1937 est.
831 1879 957 1957 loseph.
970 1882 1096 1960 Scaliger
1110 1885 1161 1944 lane

163 1973 269 2020 temere
286 1960 424 2033 quincunque
433 1954 551 2034 sequetau
566 1958 737 2032 corrigebat,
756 1970 843 2031 quem
858 1956 1017 2019 Christian.
1034 1962 1160 2020 Daumius

161 2037 191 2097 lit
211 2037 328 2096 Gilbert
350 2035 484 2094 Wachitu
504 2030 652 2108 sequuntur
673 2033 743 2092 tanti
765 2032 830 2090 Viti
852 2035 1031 2095 austeritate
1044 2037 1160 2114 decepm

162 2115 259 2173 laboras
276 2114 305 2170 in
331 2112 419 2170 Libris
431 2108 503 2179 fuit.
524 2109 602 2185 quod
616 2109 743 2168 Barthius
756 2108 959 2184 Daumiusque
973 2114 1005 2171 in
1019 2115 1108 2173 Notis
1118 2130 1159 2171 ex·

159 2188 280 2266 plicant,
300 2188 389 2256 vivis,
408 2187 455 2244 vel
476 2187 571 2254 vales3
592 2187 653 2245 sane
666 2186 776 2252 coaue,
797 2183 964 2245 &Latinae
977 2190 1158 2266 Linguaculu

159 2264 302 2332 obstante,
323 2264 371 2321 ctst
386 2261 490 2321 sebast.
505 2265 634 2323 Brantius
647 2265 702 2334 jam
716 2263 744 2318 in
761 2260 805 2318 lua
819 2262 966 2322 Verfione
978 2282 1047 2324 eum
1065 2268 1159 2326 sculum

158 2358 274 2417 quoquc
289 2338 456 2412 expresserit.
476 2337 522 2395 Ad
536 2341 626 2397 Gratii
641 2339 745 2413 Cyneg.
762 2341 795 2400 a.
804 2355 852 2410 94.
869 2357 941 2397 vero
955 2343 1092 2401 Barthius
1106 2362 1159 2401 cot-

158 2417 223 2491 aigit
234 2414 374 2487 quicunque
385 2410 530 2484 nlullan,
548 2415 618 2472 male
638 2414 751 2488 quidum
768 2413 841 2488 ipse,
863 2413 905 2474 sed
919 2416 1058 2490 Scaligcri
1073 2434 1155 2478 muta·

157 2494 263 2551 tionem
282 2489 383 2547 merito
403 2486 603 2549 audacissimam
622 2503 722 2558 vocat,
743 2490 857 2549 vicissim
871 2490 973 2547 deinde
984 2510 1099 2565 poenas
1115 2497 1158 2554 da·

157 2582 234 2628 turus
257 2565 342 2642 (adeo
364 2565 533 2639 aScaligcro
549 2569 594 2625 vel
608 2583 671 2624 cum
684 2565 859 2624 Praefatione
875 2567 991 2624 honoris
1008 2567 1158 2629 diffcntire

154 2645 295 2724 piaculum
314 2640 459 2701 uidebatur
480 2644 594 2701 morosis
617 2642 831 2702 admiratoribus
839 2642 861 2717 ,)
880 2644 950 2720 lano
968 2643 1063 2703 Vlitio
1083 2648 1156 2706 haec

156 2720 234 2800 adeas
256 2721 282 2780 δι
301 2738 386 2795 nugas
400 2720 511 2778 vocanti
526 2722 686 2779 Comment.
699 2718 733 2777 ad
746 2720 799 2777 Rei
814 2720 952 2795 Cyneget.
966 2720 1072 2798 Script.
1092 2743 1152 2799 pag

156 2817 226 2871 133,
248 2798 291 2858 scd
313 2814 406 2855 veram
429 2797 574 2856 leliionem
596 2796 685 2873 aeque
704 2798 855 2870 ignoranti.
890 2798 1001 2857 Aulioi
1023 2799 1061 2858 lic
1074 2804 1151 2859 vetis·

154 2878 221 2938 lime
234 2873 420 2934 emendandus
435 2872 492 2932 est:

296 2967 387 3104 guum
398 2968 473 3026 dubia
486 2971 588 3026 incenis
597 2965 705 3044 versetur
715 2967 769 3023 vala
779 2968 896 3039 periclis,

324 3065 350 3103 m
360 3048 429 3102 lucro
441 3047 488 3102 tili
499 3058 560 3118 pout
571 3044 652 3113 diem,
672 3060 842 3118 quocunque
855 3047 972 3119 potitis.

152 3141 266 3222 Nempe
285 3156 321 3196 ex
341 3145 379 3211 τῷ
397 3141 483 3211 putris
502 3139 576 3196 facili
597 3140 752 3230 mutatione
773 3139 869 3226 laboras
888 3139 934 3196 est
954 3141 1146 3218 depravamus.

149 3212 871 3380 aalmaillidam-”illsulmllut
886 3216 1147 3356 lituum:

150 3365 304 3504 unu
316 3368 415 3509 lul
427 3367 624 3501 auum
639 3368 709 3499 ‘ut
720 3367 1149 3524 {illicilum

142 3520 202 3600 sors
218 3520 295 3578 dedit.
332 3520 476 3585 Praeterea
498 3521 612 3577 verbum
632 3518 782 3592 praesentis
806 3524 947 3593 temporis
969 3525 1028 3584 huc
1042 3527 1148 3603 quadiu

148 3596 337 3670 meliusquam
346 3594 440 3651 futuri.
453 3596 579 3670 Juvenal.
590 3597 646 3653 Sat.
656 3611 683 3653 x.
694 3598 726 3657 il.
736 3600 800 3665 358.
810 3592 993 3677 Quijpatiaun
1001 3606 1149 3662 aunemu-

151 3691 221 3731 nuuu
238 3675 304 3728 inter
319 3687 425 3728 munera
442 3682 525 3743 putat.
559 3674 690 3728 Ceterum
710 3672 755 3727 alii
769 3669 877 3729 duabus
892 3677 1022 3736 vocibus
1042 3683 1070 3740 in
1086 3682 1149 3738 cutis

147 3748 219 3810 teste
238 3751 355 3807 Erasmo
377 3747 517 3818 legerunt,
538 3749 620 3804 etiam
642 3765 700 3805 non
714 3747 809 3804 inscite
823 3764 948 3823 propter
965 3757 1146 3831 oppositionis

143 3827 257 3900 gratiam
271 3824 345 3880 dulia
356 3822 383 3878 in
395 3825 476 3880 cenis.
498 3822 553 3881 Sed
568 3838 715 3897 utrumque
731 3825 802 3880 bene
816 3826 956 3899 explicati
972 3834 1143 3906 potest3oei·

143 3913 173 3958 te
194 3903 307 3968 melius,
327 3915 409 3974 quam
430 3898 502 3955 idem
517 3901 660 3958 Erasmum
675 3899 854 3973 depravatum
867 3902 941 3962 illud
956 3909 1063 3968 huores
1076 3915 1146 3971 inter

143 3986 296 4049 pretatatur
311 3976 374 4049 angi
388 3975 434 4031 vel
447 3975 594 4034 sollicitum
609 3976 662 4035 effe
674 3977 756 4046 hujus
772 3978 847 4033 vitae
864 3979 950 4039 malis
961 4026 969 4052 ,
981 3987 1067 4061 quod
1079 4004 1143 4064 prae

145 4050 214 4107 senti
229 4049 294 4106 huic
308 4051 438 4108 Dillicho
454 4051 481 4107 ἀ
492 4051 622 4112 Αυέὶοιῐε
637 4051 785 4113 sententiae
799 4054 919 4115 minime
933 4062 1069 4135 quadnt.

181 4129 244 4185 iau
260 4143 282 4185 1.
302 4129 376 4188 Dill.
390 4146 478 4190 nanu.

1111 4216 1147 4280 ui
