2580 5076
238 678 310 757 504
379 644 633 730 oennmm
658 639 1125 723 onnunc1nnnu1

237 790 308 861 pag.
324 788 375 847 29·
399 768 474 854 (ouo
485 767 591 850 pueri,
614 762 802 848 adolescentes
825 761 1244 847 &cuiusqueuelutlelrsui

243 878 294 927 nes
312 856 422 919 Romoe
437 897 447 931 ,
465 860 552 933 otqou
567 852 730 932 uitiumque
746 844 873 910 Romono
889 848 1162 930 moreuiveiutur,
1171 848 1245 927 fue-

241 937 429 1026 gebontur,)
450 944 633 1016 praeceptum
653 933 704 996 boc
716 929 919 1012 referendum,
941 948 983 993 un
995 932 1038 994 oo
1044 931 1245 1013 salutationes

241 1010 1244 1181 ll'llil'villllloflll‘ttffltll‘lim'mm

286 1184 440 1251 Sententia
453 1199 537 1247 xxxo
548 1200 572 1246 1.
591 1179 647 1245 Tu
663 1197 695 1245 te
708 1177 853 1246 consule.
873 1179 971 1244 Cicero
980 1177 1053 1245 Lils.
1069 1196 1119 1247 11.
1130 1181 1243 1250 Fumil.

249 1267 309 1353 Ep.
322 1282 393 1332 v11.
405 1267 442 1330 oo
456 1266 621 1330 Curionem.
640 1261 768 1327 Tecum
777 1260 913 1345 loquere
946 1277 981 1328 te
990 1263 1115 1330 adhibe
1128 1265 1160 1331 in
1170 1286 1247 1334 con·

246 1350 374 1426 filium,
398 1364 431 1414 te
447 1343 540 1428 audi,
562 1347 593 1411 &
609 1345 668 1410 tibi
686 1345 798 1409 obtem
823 1360 888 1409 era.
912 1309 1004 1435 Quod
1020 1350 1111 1423 addo.
1126 1366 1166 1413 ne
1180 1354 1244 1434 quis

249 1437 300 1511 iol,
322 1435 398 1517 quod
417 1433 450 1495 in
475 1431 624 1494 nonnullis
647 1430 777 1511 antiquis
833 1426 1024 1510 oinomeli,
1047 1433 1078 1495 in
1091 1433 1242 1496 nonnullis

249 1521 339 1580 etiam
361 1515 551 1580 Editioniius
571 1510 686 1591 Tute,
718 1510 754 1583 &l
781 1508 904 1592 Tuto,
930 1516 1046 1596 probet.
1083 1512 1171 1578 Forte
1192 1517 1245 1582 luc

251 1602 353 1666 leeumo
360 1599 440 1681 fuit.
462 1590 544 1676 Dsst.
561 1613 629 1660 xsv.
653 1593 722 1659 Lib.
739 1611 808 1658 xlv.

290 1692 402 1847 quum
418 1711 451 1758 te
465 1691 579 1777 aliquis
595 1691 723 1773 laudat,
745 1691 845 1773 iudex
859 1707 935 1759 tuus
949 1692 1017 1760 eii'e
1032 1710 1225 1778 memento,

291 1780 318 1847 P-
334 1799 370 1845 us
386 1775 458 1842 aliis
473 1775 516 1842 de
530 1791 583 1854 te,
600 1795 695 1860 quam
710 1792 746 1841 tu
762 1775 843 1856 tibi,
860 1777 1000 1843 credere
1016 1778 1104 1845 noli.

251 1874 404 1941 Sententia
426 1889 523 1935 κων.
553 1869 654 1937 Utere
676 1871 824 1951 virtute,
853 1872 885 1935 it
907 1866 949 1954 eil
969 1892 1075 1939 exerce
1090 1875 1237 1938 ourueu

251 1958 330 2026 Noli
343 1975 404 2022 eum
418 1954 710 2036 mortuummare,
724 1955 797 2037 quod
801 1953 935 2037 solebant
956 1952 1169 2039 Ollentotores
1177 1953 1237 2019 Pu·

141 2088 144 2095 .
251 2040 377 2125 lnsoplsi,
390 2036 444 2119 feel
465 2054 564 2101 exerce
581 2037 684 2116 illum,
704 2048 792 2185 afflue
813 2049 895 2102 utere
914 2058 969 2116 ea,
989 2042 1023 2103 isi
1044 2043 1124 2123 quod
1138 2059 1238 2116 conue-

252 2135 327 2190 runt
352 2118 586 2206 Jurisconsulti,
610 2139 680 2205 quos
744 2120 861 2204 lpioous
881 2122 914 2186 in
934 2120 975 2188 L.
1001 2141 1031 2189 1.
1059 2121 1093 2208 ς.
1123 2142 1152 2190 1.
1194 2122 1239 2186 ,αι

253 2202 366 2352 ῒὲβίι.
390 2203 427 2274 &⁹
434 2206 502 2289 jur.
518 2206 591 2274 dicit
604 2223 704 2269 uerum
720 2201 933 2289 Philosophiam
949 2222 1006 2271 non
1014 2203 1235 2288 stmulutomos·

267 2308 281 2348 e
311 2307 370 2352 ure.

243 2291 271 2372 f
292 2371 442 2437 Seurenee'o
451 2389 530 2436 u111.
554 2371 712 2436 Paterelc
736 2388 916 2454 em‚quam
931 2369 1000 2456 ipse
1016 2373 1145 2441 tuleris.
1173 2380 1237 2445 Con·

249 2457 334 2519 veuit
347 2454 398 2517 boo
414 2453 545 2518 Phaedri
561 2454 632 2518 Lib.
652 2470 678 2518 1.
702 2389 775 2518 igni.
795 2473 894 2520 xxm.

289 2552 354 2618 Sua
368 2552 501 2635 quisquc
518 2552 670 2637 exempla
687 2550 787 2617 debet
803 2571 907 2637 aequo
923 2552 1028 2617 animo
1046 2552 1128 2635 pati.

248 2646 320 2713 Lib.
342 2668 369 2713 1.
393 2646 474 2729 enti.
491 2667 550 2713 vn.
584 2647 628 2712 Ut
642 2667 694 2713 res
709 2646 905 2733 expostulat.
936 2646 999 2740 Qui
1012 2667 1129 2729 uorem,
1152 2661 1240 2733 puto,

251 2730 441 2815 expostulat
457 2730 619 2816 suspeiiam
646 2733 834 2807 habuerunt,
860 2741 1016 2795 mutarunt
1042 2751 1106 2796 eum
1136 2735 1241 2818 odieolo

250 2815 350 2898 versui
368 2818 543 2881 adminiculo
564 2818 596 2880 in
603 2813 762 2980 giossum'
794 2815 986 2897 Sciofioepius
1000 2815 1084 2881 aliud
1092 2813 1236 2902 significo·

249 2898 641 3047 utlttsttlnllm
663 2918 720 3046 lt
731 2895 1236 3075 pistieiiisilfflimii'iii}

247 3062 445 3148 respondere
469 3066 614 3146 polium,
637 3065 692 3149 qui
714 3058 766 3127 sua
789 3063 876 3130 bonu
900 3064 1048 3148 direpta,
1072 3087 1176 3134 naves
1190 3087 1237 3132 ex·

248 3163 429 3230 pugnatas,
450 3145 589 3227 fratres,
607 3147 748 3224 liberos,
764 3163 914 3230 parentes
929 3147 1085 3230 occisos,
1102 3151 1236 3219 ausones

250 3224 471 3310 expostulans.
503 3231 599 3326 Quem
615 3225 852 3308 looumſsmiliter
866 3232 935 3310 illi,
958 3235 1013 3314 qui
1028 3252 1130 3300 vocem
1143 3250 1235 3300 metue·

248 3312 344 3389 boul,
367 3325 580 3395 corruperunt,
623 3333 686 3379 uem
707 3322 810 3383 tuetur
833 3315 997 3381 Graevius.
1031 3316 1236 3384 Suetonium

250 3394 349 3459 Tiler.
374 3396 444 3478 Cup.
468 3415 563 3460 x111.
599 3333 676 3489 δυο
697 3399 873 3480 praecipue
889 3417 956 3463 non
968 3398 1039 3480 jam
1057 3417 1170 3482 metu,
1190 3397 1236 3465 sed

249 3475 436 3544 discrimine
459 3479 592 3543 conitus
617 3477 665 3544 est
688 3481 799 3546 matris
829 3479 1065 3563 impenfiffimis
1094 3483 1236 3568 precibus

245 3557 475 3642 expostulare,
499 3561 763 3645 impetravitque.
794 3562 882 3629 Adde
900 3562 1129 3634 Tertullianum
1142 3572 1176 3635 de
1191 3567 1237 3634 co

244 3662 319 3708 rouo
338 3642 407 3726 Cup.
430 3660 455 3708 1.
479 3641 569 3739 Quool
581 3647 665 3709 oaldit
682 3646 771 3712 Coto:

216 3778 220 3784 -
284 3731 509 3818 Temporibus
524 3751 630 3799 mores
644 3732 772 3821 sapiens
787 3734 852 3802 sene
865 3737 1005 3804 crimine
1019 3754 1142 3814 mutat,

245 3821 332 3889 Huic
348 3823 916 3908 ocoommoolutffmumejlboocioeronis
925 3826 995 3892 Lib.
1011 3847 1038 3895 1.
1051 3829 1079 3895 F
1080 3829 1209 3899 amiLE
1225 3878 1232 3893 .

242 3922 292 3970 ux.
316 3905 436 3991 Neque
456 3910 711 3991 permanendum
733 3911 766 3976 in
783 3929 844 3976 una
861 3910 1048 3993 sententia,
1073 3933 1187 3981 conve

243 3988 361 4068 rebus,
386 4009 423 4054 ac
441 3990 603 4058 bonorum
621 3994 844 4059 voluntatibus
866 3995 1072 4061 immutatis:
1090 3996 1150 4064 sed
1165 4013 1234 4063 tem·

242 4069 378 4150 poribus
393 4071 649 4142 adsentiendum.
674 4077 759 4142 Nom
772 4077 819 4139 uie
832 4078 911 4141 loeus
926 4075 964 4146 ii
970 4077 1158 4161 sententium
1168 4080 1231 4146 Dio·

240 4145 319 4233 nyfii
330 4152 478 4225 &uocem
486 4159 690 4243 temporibus
708 4161 814 4244 probat
820 4203 833 4244 ,
854 4179 980 4246 quorum
994 4173 1158 4252 ouansque
1165 4181 1233 4313 'effi
