2596 4920
195 338 913 440 'sirnarrtrronrs
1011 376 1106 451 me

80 510 134 589 itti
149 514 444 587 sideri-volebant.
475 510 590 599 Itaque
604 513 705 600 iilud,
727 512 805 582 Foro
817 525 913 599 pars,
935 532 1005 584 oon
1022 518 1087 586 utl-

85 621 152 690 que
172 602 302 680 innuit,
324 597 413 695 quod
426 595 577 682 plerique
597 597 792 685 interpretes
806 599 985 681 volebant;
999 599 1089 697 quasi

87 702 124 753 te
207 685 236 750 ri
260 680 464 749 serviendum
488 694 685 751 mereretur:
707 680 770 754 sed,
786 699 823 750 ut
838 681 880 750 M
923 680 1087 765 illrattbue

84 769 122 837 iu
163 787 225 834 oro
245 764 367 849 iudicia
389 763 651 843 exercentibus,
674 765 880 851 eorumquej
941 786 956 833 s
993 784 1085 833 area·

78 867 161 934 mr,
185 868 252 916 neu
271 847 348 914 inde
364 848 562 945 provocatio
578 846 620 912 ad
637 842 808 914 Caesarem
825 864 953 917 temere
967 785 1084 932 seret,

85 953 151 1086 {rua
174 930 333 1001 residuum
354 930 517 999 hbertatis
539 947 665 1001 nomen
687 929 719 996 dt
740 928 848 999 inanis
863 931 977 1000 umbra
991 951 1083 1019 pror·

103 1036 156 1083 um
172 1015 367 1083 aboleretur.
408 1010 487 1082 Post
502 1011 641 1094 Traiani
658 1027 833 1097 tempora,
857 1016 1008 1102 inprimis
1024 1006 1084 1083 sub

87 1098 274 1168 Commodo
298 1099 329 1165 dt
350 1092 515 1182 subsequis
538 1093 747 1179 Principibus
771 1095 852 1164 baec
866 1099 978 1167 omnia
992 1109 1085 1166 muta

84 1200 184 1262 vere;
206 1200 335 1248 mutum
346 1179 461 1247 forum
477 1177 682 1257 Romanurn,
702 1178 785 1245 muti
800 1179 1010 1267 Magistratus
1021 1186 1083 1268 ρο·

110 1266 240 1346 ulares3
269 1261 339 1349 ipse
361 1262 505 1410 Populus
531 1259 699 1355 Romanus
719 1277 873 1346 tanquam
898 1263 931 1329 in
946 1265 1084 1347 peculio

82 1285 276 1434 Principum
295 1363 357 1411 cen
374 1364 449 1410 erit
478 1363 517 1410 ac
538 1342 682 1429 proinde
702 1341 800 1409 locus
815 1360 996 1427 praecepto
1010 1345 1083 1428 illi,
1107 1374 1115 1389 ·

82 1432 161 1501 Poro
174 1444 246 1514 pare
263 1475 273 1508 ,
297 1425 395 1493 idest
455 1426 549 1510 opuli
560 1424 691 1508 judicio
706 1424 925 1508 obtempera,
937 1423 1000 1490 elle
1015 1445 1086 1495 nou

83 1515 199 1604 potuit
214 1510 366 1594 amplius.
402 1471 419 1574 l
445 1527 498 1574 em
513 1509 580 1574 coli·
600 1513 664 1573 itur
676 1506 800 1655 exgbro
815 1500 988 1573 'Numero
1004 1525 1084 1572 xxv.

85 1595 361 1665 Acerranorum
375 1587 466 1673 liuto.
507 1529 598 1688 Qus}
620 1604 695 1656 ante
742 1607 782 1655 ae
798 1588 1089 1657 aresPraetoriutn

85 1679 210 1757 fuerit,
224 1673 317 1743 mihil
334 1673 388 1739 hic'
402 1675 521 1740 attinet
537 1672 661 1739 referre
677 1696 685 1739 :
709 1669 766 1738 sub
783 1669 975 1739 Caesaribus
988 1673 1089 1758 primi

85 1760 194 1831 seculi
220 1757 422 1824 Praetoriani
446 1771 538 1821 erant
563 1775 622 1821 cor
645 1756 712 1821 oris
736 1752 885 1822 Caesaris
905 1753 1084 1837 custodes,

90 1841 296 1913 Praetorium
313 1775 645 1985 igsastatioPraefess

88 1927 178 1994 torio
200 1920 258 1990 sub
282 1919 327 1986 Ti
352 1921 424 1988 etio
444 1920 476 1987 dt
497 1918 732 1987 successoribus
760 1937 792 1988 ta
809 1918 922 1988 sensim
937 1913 1086 1988 invalue-

83 2025 135 2077 rat
152 2002 314 2094 potestas,
337 2018 373 2070 ut
388 2004 542 2089 proxima
559 2002 732 2070 Caesarum
745 1996 888 2153 igsorum
904 2000 1006 2087 esset,
1028 2025 1087 2071 ve·

86 2093 138 2160 lot
155 2088 314 2174 exemplo
327 2086 455 2169 Seiani,
484 2087 620 2169 Rurrni,
636 2083 726 2170 Nym
776 2087 836 2153 idii
853 2104 1000 2174 apparet
1035 2084 1086 2155 Hi

83 2173 201 2244 sensim
221 2189 260 2238 ac
283 2168 488 2256 pedetentim
508 2171 656 2236 omnium
678 2170 714 2252 iu
738 2170 879 2238 iciorum
901 2172 971 2239 vim
993 2171 1030 2237 in
1048 2167 1083 2238 se

79 2254 285 2345 >transferret
302 2253 435 2320 Senatui
476 2250 864 2338 raescribere3populum
881 2244 1085 2321 circumscri-

83 2340 185 2419 beret
208 2337 369 2422 denique,
393 2356 435 2402 un
461 2355 612 2421 ecunque
627 2332 699 2422 spes
716 2335 933 2404 emolumenti
951 2337 1006 2403 vel
1021 2356 1083 2423 po·

86 2423 213 2491 tentiae
232 2418 340 2500 esiet,
368 2437 408 2484 ea
429 2420 542 2497 onmia
562 2409 608 2485 sui
625 2419 743 2503 judicii
767 2417 891 2487 facere.
931 2417 981 2486 lta
996 2417 1085 2507 lapsa

62 2526 65 2530 ·
86 2505 184 2581 verbi
206 2501 412 2580 consuetudo
436 2504 536 2570 alium
558 2503 658 2588 plane
678 2499 804 2569 sensum
820 2501 949 2582 induit,
972 2503 1083 2587 &pro

87 2585 242 2672 supremo
258 2584 411 2651 tribunali
426 2587 573 2652 omnium
587 2585 788 2668 judiciorum
797 2583 942 2670 usurpari
952 2603 1011 2650 cae
1038 2587 1083 2652 ita

87 2685 196 2754 eoque
220 2665 403 2748 proclivior
426 2667 481 2733 hic
496 2665 603 2752 lapsus
618 2684 706 2749 erat,
726 2668 802 2753 quia
818 2668 991 2738 Praetores
1029 2686 1084 2734 ro·

85 2752 274 2819 vinciarum
291 2749 455 2833 utriusque
471 2747 641 2833 potestatis
661 2751 691 2817 it
705 2751 811 2817 civilis
825 2752 857 2818 dt
871 2749 1021 2817 militaris
1031 2749 1083 2833 iu·

83 2831 315 2903 risdiilionem
333 2831 400 2915 jam
423 2830 504 2898 olim
528 2830 726 2915 habuerant,
748 2834 779 2901 dt
799 2833 1005 2901 Praetorium
1020 2852 1083 2919 pro

86 2913 263 2987 dicasterio
284 2915 371 2981 inter
387 2913 614 2983 Provinciales
634 2912 823 2983 sumeretur.
864 2915 977 3001 ltaque
992 2915 1083 2984 rede

85 2994 260 3068 admonuit
281 2991 460 3084 Dionysius
484 2994 544 3065 iste
566 2997 672 3067 filium
696 2998 808 3081 suum,
829 3015 869 3080 ¹ut
891 3000 931 3067 ad
944 2999 1080 3068 Praeto-

85 3085 170 3151 rium
186 3081 304 3163 starct,
317 3081 353 3148 id
366 3078 595 3177 est,tauquam
610 3083 644 3148 in
660 3078 812 3167 supremo
823 3082 951 3166 judicio
966 3080 1082 3152 moder

19 3214 23 3218 .
85 3162 156 3246 ste,
177 3179 369 3232 reverenter
392 3164 424 3231 dt
447 3164 594 3230 civiliter
616 3161 648 3230 se
664 3180 804 3248 gereret.
839 3162 984 3231 Duravit
997 3165 1082 3233 haec

85 3245 250 3325 Praefecti
271 3247 444 3314 Praetorio
465 3245 609 3332 poteslas
628 3264 731 3332 usque
753 3240 796 3311 ad
813 3261 964 3332 tempora
979 3242 1085 3312 Com·

88 3328 264 3414 modi,qui
280 3330 416 3397 nimiam
431 3347 504 3419 earn
522 3330 553 3396 dt
568 3322 641 3415 ipfis
659 3328 1084 3426 Imperatoribuspraegra-

89 3428 169 3478 vem
189 3408 383 3494 potestatem
405 3431 520 3494 ratus,
543 3413 688 3496 cognitis
711 3431 746 3478 m
764 3409 796 3477 se
820 3407 944 3478 infidus
957 3408 1080 3481 Peren·

87 3495 156 3575 nii,
172 3491 332 3560 Praefeiii
344 3493 534 3577 Praetorio,
550 3514 658 3581 eoque
672 3491 806 3576 occiso,
822 3488 866 3552 li·
889 3485 938 3560 rtis
957 3491 1081 3576 sedem

84 3583 246 3653 msam,
260 3582 433 3666 ὖσφιλῖσψν
447 3586 584 3661 ieiuno,
596 3585 632 3660 pul
646 3584 678 3647 ist
692 3588 804 3649 τις-εὔαν
817 3587 942 3652 τοσαῦηι
958 3589 969 3647 ι’
985 3587 1078 3663 ursa,

87 3678 127 3729 ut
142 3660 248 3748 inquit
266 3654 393 3727 Herod.
411 3681 435 3728 r.
463 3682 511 3728 rr.
537 3681 587 3747 24.
613 3662 664 3728 Ita
679 3663 785 3728 ablata
800 3680 820 3727 a
837 3662 1009 3732 Praetorio
1042 3685 1080 3733 ο·

89 3741 395 3829 testasjudiciaria,
417 3744 459 3811 ad
473 3746 557 3811 alios
573 3743 783 3828 Magistratus
802 3739 925 3814 rursum
937 3764 1007 3815 tran
1032 3749 1080 3829 it,

88 3844 186 3916 atque
215 3826 274 3896 illa
303 3818 1084 3977 1111111111Ριεξῑξτὲο*ηεεε111111αὓοΙίτεῘάεείὲ
1147 3906 1154 3919 ‚

647 1838 668 1903 1.
691 1835 799 1904 Hu'us
810 1836 975 1906 Praefecti
986 1838 1086 1905 Prae·
1123 1887 1134 1908 ,
1209 1913 1213 1922 ,
