2580 5076
141 691 243 763 mm
311 674 359 759 n.
388 660 662 755 'nnnsttr
700 655 1017 756 nnnrcnt‘t

117 814 120 821 Ι
143 844 263 1037 gig?
289 840 442 940 pauculas
462 837 558 912 horas
581 837 771 927 collocare,
803 830 838 913 in
863 862 928 938 quo
949 830 1018 917 non
1033 819 1129 940 pau'cl

254 961 327 1015 ores
351 936 472 1014 Graeci
497 957 566 1009 non
588 935 747 1010 mediocri
774 935 867 1009 laude
887 937 959 1012 sunt
973 941 1129 1017 ,versatis

143 1038 238 1115 Nam
253 1054 367 1112 extant
382 1034 420 1109 dr
435 1030 535 1106 hodie
552 1033 761 1130 Theognidis
777 1031 974 1128 sententiae,
998 1032 1090 1111 Phoc
1115 1078 1129 1092 ·

141 1133 214 1212 lidia
238 1132 277 1209 &
298 1131 717 1244 Pythagoraenraecepta,
747 1152 814 1203 non
832 1133 889 1203 aba
908 1156 945 1205 re
960 1134 1070 1208 Aurea
1083 1063 1131 1207 l·

143 1230 211 1309 ata.
251 1232 401 1328 Denique
423 1228 447 1301 st
471 1227 552 1300 mtht
573 1226 765 1301 indecorum
791 1224 854 1300 esse
876 1229 994 1304 volunt
1021 1252 1133 1305 emen-

144 1328 232 1407 dasse
244 1328 328 1404 haec
343 1346 411 1400 tam
426 1325 581 1416 humilia,
605 1324 643 1399 ἃ
656 1323 862 1420 explanasse,
887 1327 990 1398 multo
1003 1328 1135 1403 foedius

143 1429 208 1503 erit
221 1426 358 1514 eadem,
383 1425 422 1499 ἃ
439 1424 617 1518 depravata
630 1420 739 1512 fuisse,
751 1419 796 1496 ’ἃ
811 1421 917 1520 (quod
933 1423 1134 1521 exipsorum

141 1526 243 1636 liquet
270 1518 528 1615 commentariis)
553 1518 612 1594 ista
635 1538 705 1592 tam
729 1523 854 1616 puerila
875 1542 942 1594 non
968 1521 1133 1595 intellesla

143 1617 237 1707 sutll'e
259 1621 301 1695 ab
325 1619 364 1692 iis
388 1618 488 1705 viris,
512 1618 615 1715 quise
632 1617 711 1692 nihil
729 1617 990 1713 nescireputant.
1038 1618 1133 1692 Nam

143 1716 248 1796 Publii
267 1717 420 1807 Mimos,
446 1716 516 1813 quis
540 1734 761 1806 contemnat,
787 1740 868 1814 quos
890 1716 994 1791 Aulus
1010 1716 1135 1790 Gellius

144 1813 374 1912 lepidiffimos,
388 1815 514 1891 Seneca
529 1813 745 1890 disertissmos
763 1832 879 1889 vocat:
897 1815 1050 1913 cujusque
1066 1814 1137 1888 sen·

144 1910 264 1991 tentiae
287 1912 347 2010 (ut
365 1910 453 1983 idem
475 1909 634 2008 testatur)
661 1936 729 1988 non
751 1913 857 2011 piguit
880 1911 1023 1987 summos
1036 1912 1135 1987 etiam

145 2009 311 2089 Rhetores
332 2006 515 2081 aemulari?
550 2007 742 2103 Adjecimus
757 2010 936 2104 &septem
955 2011 1134 2107 sapientum

146 2110 286 2187 celebria
301 2103 397 2179 dista.
437 2104 518 2176 Hoc
533 2103 684 2215 quicquid
702 2101 751 2175 est
766 2107 910 2192 laboris,
937 2106 996 2180 tibi
1015 2131 1139 2180 nuncu·

192 2207 292 2282 ndum
307 2202 476 2290 duximus,
502 2223 548 2272 mr
563 2199 656 2273 Nevi
677 2199 891 2273 omatilsrme:
918 2200 1009 2274 srmul
1026 2223 1063 2274 ut
1078 2205 1137 2278 ha·

100 2366 107 2385 ,
146 2233 245 2396 ἷξες,
261 2301 348 2402 quod
362 2299 425 2373 tuis
441 2296 584 2395 praelegi
600 2319 696 2371 cures
713 2298 865 2387 alumnis,
882 2320 964 2393 quos
978 2299 1064 2371 nulla
1078 2321 1135 2371 ne·

148 2394 1025 2589 lilll‘llllli‘lllltlllllllllll‘
1040 2395 1134 2566 ἕω

148 2523 187 2579 ut
901 2517 955 2567 rna
993 2517 1038 2568 no
1067 2517 1138 2567 ram

148 2519 414 2675 neceffitullinem
436 2589 614 2664 intermori.
659 2590 744 2664 Non
766 2613 821 2664 me
840 2591 923 2663 clam
944 2589 1012 2680 est,
1037 2615 1137 2689 quam

148 2697 189 2774 stt
212 2696 278 2768 hoc
299 2690 370 2788 plus
386 2710 484 2786 quam
499 2685 660 2762 levidense
674 2687 896 2762 munusculum
904 2739 919 2779 ‚
944 2690 1050 2787 impar
1066 2714 1136 2764 ma·

147 2789 312 2892 gnitudini
332 2805 426 2875 tuae,
452 2785 508 2882 qui
533 2809 610 2860 cum
632 2785 815 2859 eruditione
831 2810 926 2877 rara,
951 2805 1021 2861 tum
1036 2789 1136 2863 mori·

147 2896 209 2972 bus
221 2910 289 2962 non
304 2883 410 2958 minus
425 2881 581 2980 integris,
594 2906 692 2982 quam
707 2881 850 2976 festivis,
875 2883 913 2958 dr
926 2908 1022 2960 ornas
1036 2909 1134 2960 orna·

148 2986 340 3063 tisstmorum
362 2979 614 3076 Theologorum
637 2981 810 3071 ordinem,
842 2980 881 3055 ἃ
903 2982 1141 3058 illustrissimam

147 3079 400 3160 lovaniensium
425 3077 579 3151 Scholam
602 3077 744 3153 illustrat.
776 3081 907 3155 Verum
927 3081 1137 3154 confidebam

148 3182 238 3271 sore,
250 3199 285 3251 ut
300 3174 429 3274 optimo
448 3174 537 3248 Viro
550 3177 729 3267 Libellum,
745 3177 953 3274 quantumvis
968 3176 1139 3271 prasium,

147 3275 216 3376 ipsa
231 3268 478 3350 commendaret
495 3272 624 3345 utilitas.
656 3275 748 3346 Bene
763 3273 848 3347 vale.
875 3273 1038 3362 Lorarii,
1063 3273 1135 3346 An·

147 3398 194 3449 no
218 3393 378 3454 itnxxnt·
404 3365 479 3439 Kal.
506 3369 594 3467 Aug.
756 3372 766 3399 “·
