2596 4920
141 702 214 803 ‚tp
272 672 1036 778 'Henxrcrcnnnsorrrnnt

146 841 189 890 ne
204 816 293 884 fama
307 816 449 881 laboret.
488 813 554 879 Res
571 829 681 876 autem
699 810 893 890 laborabat,
915 809 1066 895 quodne
1083 823 1159 877 mo·

98 959 102 966 .
150 902 244 970 dicae
259 899 393 985 quidem
409 896 547 962 divitiae
562 893 715 980 ferebant
728 890 850 958 sumtus
865 894 977 958 uxoris
991 895 1160 976 unius‚ut

149 986 217 1053 fuit
232 985 327 1049 luxus
344 981 590 1058 Rornanorum3
612 993 735 1063 quanto
751 976 859 1048 minus
875 977 1033 1057 duarum,
1059 977 1158 1043 idest

150 1067 263 1135 uxoris
278 1065 309 1131 ἃ
324 1062 530 1130 concubinae
541 1081 640 1146 :quae
656 1058 845 1126 concubina
860 1057 929 1145 ipsa
945 1080 1051 1126 uxore
1066 1065 1157 1129 dam⁴

152 1149 265 1219 n‘oiior
290 1163 370 1212 erat.
413 1144 527 1213 Caulla
549 1145 633 1210 haec
659 1142 724 1225 est,
770 1142 823 1207 uia
839 1144 1043 1229 cupiditates
1064 1147 1161 1210 volu-

147 1234 347 1321 ptatesque,
368 1248 450 1314 quae
464 1246 628 1312 nunquam
644 1163 798 1315 adstriao
814 1227 942 1318 animo,
968 1225 1025 1293 sed
1042 1226 1159 1314 profu*

154 1314 240 1384 fiore
262 1314 389 1381 luxuria
412 1311 538 1397 expleri
562 1308 669 1377 solent
683 1359 694 1392 ,
708 1329 784 1396 ‚per
799 1311 1004 1377 concubinas
1022 1331 1162 1377 exerce·

98 1412 104 1425 '
156 1395 295 1478 bantur,
317 1415 385 1462 non
408 1414 469 1479 per
490 1411 618 1459 uxores.
659 1392 697 1460 ld
719 1393 809 1489 quod
831 1393 975 1478 ingenue
990 1393 1163 1461 confeffus

158 1479 207 1549 est
220 1479 317 1547 uxori
333 1477 407 1546 suae
425 1476 547 1544 AElius
563 1476 691 1558 Verus,
714 1475 793 1542 vide
814 1477 1019 1560 spartianum
1037 1480 1072 1544 in
1090 1480 1160 1563 ejus

156 1565 228 1630 uita
245 1561 294 1630 Ca
320 1583 371 1629 .v.
395 1560 495 1627 Fama
507 1559 818 1645 laedebatur‚quod
832 1560 1062 1644 voluptuofior
1076 1561 1160 1628 haee

156 1648 190 1716 ἃ
214 1580 399 1712 dillofutior
420 1644 507 1724 vita,
530 1644 738 1729 quantumvis
753 1642 884 1740 legibus
899 1645 1012 1726 licita,
1030 1645 1061 1711 bt
1077 1664 1157 1730 poe·

157 1730 213 1797 nis
227 1728 327 1796 nullis
342 1727 505 1807 revinsta,
521 1726 693 1793 hominum
730 1744 854 1791 ravrum
866 1727 1021 1808 judicio,
1042 1745 1158 1812 parum

159 1809 326 1881 honestati
348 1810 379 1878 u
401 1809 559 1895 probitati
583 1824 660 1906 apta
683 1746 748 1876 effe
770 1808 954 1875 videbatur.
986 1810 1061 1876 lmo
1077 1813 1159 1895 ejus

160 1895 253 1964 modi
269 1895 354 1960 haec
368 1912 419 1958 res
434 1889 502 1957 visa
517 1891 585 1973 est,
597 1914 631 1960 m
647 1912 710 1980 qua
724 1892 904 1958 connivere
919 1895 1031 1979 potius
1048 1896 1158 1980 legum

159 1979 284 2047 latores
298 1976 431 2043 dicendi
444 1972 536 2057 sunt,
557 1995 653 2062 quarn
669 1995 742 2042 earn
759 1975 902 2042 laudare.
934 1977 1159 2071 Quemadmo-

150 2063 239 2131 'dum
258 2062 288 2127 ἃ
309 2059 368 2146 ipsr
390 2058 553 2125 caelibum
574 2058 692 2126 furtivi
709 2060 892 2143 amores*(sr
909 2076 1019 2127 tamen
1037 2081 1158 2129 concu-

162 2146 316 2213 binarum
336 2160 466 2208 amores
487 2141 603 2209 furtivi
624 2141 697 2211 sunt
713 2139 866 2224 dicendi,
911 2164 972 2210 uos
988 2147 1097 2230 palam
1113 2162 1157 2210 te·

148 2222 345 2308 'stabantur)
366 2226 514 2310 quamvis
537 2226 647 2311 legum
672 2245 750 2292 cura
770 2245 837 2292 non
853 2163 977 2313 margar
994 2230 1155 2311 Judrcati,

163 2310 281 2377 favore
305 2325 415 2374 tamen
440 2328 549 2374 earum
573 2308 720 2376 destituti
738 2309 900 2391 fuerunt,
932 2314 1153 2398 maculamque

163 2395 250 2460 hanc
274 2392 384 2458 liberis
405 2393 483 2457 inde
498 2393 583 2459 natis
598 2393 795 2475 mulserunt,
813 2410 848 2458 ut
886 2395 946 2460 atri
963 2394 1054 2461 srnts
1071 2399 1157 2462 urio·

162 2496 233 2543 rum
251 2476 342 2542 loco.
360 2475 390 2561 ὃ.
412 2495 458 2540 12.
476 2474 617 2541 institut.
634 2476 676 2542 de
692 2474 839 2561 Nuptiis.
899 2497 957 2543 aec
969 2497 1029 2542 cau
1057 2478 1156 2554 aest,

162 2564 223 2627 cur
232 2560 355 2625 amicae
372 2575 426 2624 aut
436 2559 700 2642 pellicisnomen
708 2561 877 2638 inimicum
888 2562 1029 2627 dicatur:
1047 2562 1155 2626 inimi-

161 2643 242 2715 ,citm
266 2644 353 2708 enirn
374 2643 405 2708 dt
421 2642 557 2709 noxium
570 2641 697 2709 estnon
712 2660 836 2709 tanturn
853 2645 909 2725 iis,
932 2663 1009 2728 quae
1026 2643 1158 2727 Diony·

162 2726 225 2794 stus
253 2728 431 2808 nominat,
460 2726 507 2790 rei
536 2724 689 2792 familiari
711 2728 741 2793 dt
762 2725 1014 2793 existimationi:
1041 2747 1160 2794 vetum

165 2812 268 2877 etiam
285 2812 427 2895 irruptae
445 2809 586 2893 copulae
602 2809 800 2877 felicitatem
816 2811 986 2890 inminuit,
1002 2811 1080 2877 dum
1089 2831 1158 2879 cre

166 2894 269 2976 bras,
288 2893 496 2976 alienasque
518 2894 721 3041 guerelarum
738 2896 768 2959 dt
787 2895 883 2977 jurgii
901 2895 1025 2977 caulius
1041 2894 1160 2961 infert:

152 2989 307 3058 emeret,
331 2976 436 3061 inquit
457 2975 519 3040 Phi
545 2976 580 3061 ip
606 2998 642 3042 us
666 2976 886 3043 Terentianus
913 2979 944 3043 in
963 2977 1099 3063 Hecyra
1116 3000 1160 3046 rr.

168 3080 217 3126 1v.
230 3071 281 3133 88.
306 3059 453 3125 Mulieres
463 3058 559 3140 sutri,
620 3058 686 3126 ΟΝ
698 3061 792 3145 facile
813 3059 938 3126 HAEC
960 3060 1162 3130 FERUN'l'.

166 3141 399 3210 Graviffimum
427 3159 530 3228 genus
558 3142 695 3226 injuriae
714 3145 749 3209 in
767 3161 904 3208 uxorem
930 3143 1014 3211 dicit
1038 3148 1162 3215 Seneca

166 3224 315 3311 Epistola
331 3235 406 3291 xcv.
422 3225 543 3291 habere
559 3224 843 3311 pellicem,atque
861 3244 896 3292 ut
913 3225 960 3294 est
976 3229 1064 3314 apud
1081 3232 1161 3299 Tra·

42 3362 52 3378 .
164 3311 275 3393 gicum
290 3310 324 3374 in
339 3308 487 3376 Hercule
504 3307 638 3376 furente
655 3327 706 3394 27.
721 3308 826 3393 Juno,

530 3426 644 3444 —--
664 3396 787 3459 vivaces
801 3406 868 3477 eget
948 3419 952 3431 ·

289 3474 448 3542 Violentus
462 3479 525 3541 iras
541 3478 675 3558 unimus,
701 3477 857 3562 &saevus
873 3483 950 3544 dolor

289 3561 426 3658 (eterne
438 3561 532 3639 belle,
541 3571 621 3708 Aiace
632 3558 774 3644 stellato,
794 3574 885 3647 geret.

167 3644 241 3711 lmo
265 3645 400 3726 injuriae
426 3643 519 3725 liuius
565 3644 639 3708 olor
659 3646 816 3711 uxoribus
840 3644 950 3712 facem
965 3645 1106 3715 subdere
1125 3650 1164 3717 ad

169 3728 319 3794 audenda
341 3727 500 3792 adulteria
513 3723 608 3791 solet.
647 3726 918 3813 Veriffimtimque
943 3729 991 3795 eil
1012 3732 1165 3823 Quintii-

169 3811 248 3876 liani
267 3810 408 3891 dictum,
433 3809 529 3875 Heme
540 3827 632 3894 aeque
646 3811 737 3879 alieni
752 3815 932 3877 matrimonii
942 3809 1165 3898 aestimatore·

164 3894 285 4039 goesui
299 3891 401 3975 custos.
435 3892 591 3960 Meminit
606 3896 699 3980 hujus
715 3896 792 3961 dieti
811 3894 1000 3963 Lactantius
1017 3897 1096 3968 Lib.
1117 3920 1163 3969 v1.

198 3994 249 4058 ap.
266 3996 376 4042 xxrrr.
400 3976 457 4042 ubi
479 3976 590 4059 addit,
614 3981 736 4046 nullam
759 3977 854 4044 soille
876 3994 942 4044 tam
965 3982 1088 4065 perditi
1104 4005 1165 4069 pu·

164 4055 255 4123 doris
276 4059 481 4141 adulteram,
511 4079 594 4146 quae
616 4083 685 4130 non
714 4064 801 4127 hanc
825 4061 964 4129 caullam
988 4065 1080 4133 vitiis
1105 4067 1169 4136 suis

164 4142 398 4222 praetenderet
412 4190 423 4223 ,
448 4145 635 4229 injuriemse
645 4150 788 4232 peccando
800 4148 985 4230 nonfacere,
998 4147 1056 4230 sed
1070 4152 1168 4233 refer-

161 4241 204 4287 re.
237 4222 331 4316 Quas
352 4222 568 4309 taurenipsas
589 4228 712 4300 cauffas
732 4229 843 4298 videri
857 4228 967 4315 potest
980 4228 1092 4305 famae
1107 4255 1172 4300 no·

1080 4319 1175 4387 mine
