2580 5076
218 732 935 831 DissERT'AT'lol-I.I
991 756 1107 871 5⁶9*

199 904 246 963 Ne
253 902 361 978 podem,
382 916 445 973 pene
457 901 590 969 aeeieeir,
612 900 716 958 tenelle
728 898 822 960 doceri.

202 980 275 1039 Scire
286 974 382 1054 aliquid
393 979 471 1035 larue
500 993 511 1047 ς
525 986 608 1065 turpe
621 973 671 1053 est,
690 977 727 1033 nil
739 974 830 1053 discere
838 979 914 1040 reite.

57 1075 147 1151 Vides
166 1092 251 1143 voces
271 1084 342 1146 turpe
356 1070 383 1130 dt
395 1072 469 1146 etelpo
484 1086 568 1147 quam
584 1068 633 1139 ilbi
648 1088 721 1151 pene
737 1068 836 1129 slmiles
851 1072 991 1133 literamm
1005 1073 1061 1135 lor·

60 1170 108 1211 ma
127 1153 193 1223 fiat,
214 1164 247 1211 ut
264 1167 320 1208 una
338 1164 393 1225 pro
414 1148 501 1207 altera
520 1146 600 1207 facile
614 1147 761 1223 irrepserit.
789 1148 826 1206 Et
841 1162 949 1223 quanto
962 1152 1062 1211 melius

61 1231 119 1287 hoc
132 1231 222 1288 verbo
233 1227 324 1302 pudeat
335 1226 487 1294 convenit,
503 1238 563 1283 tum
576 1227 642 1284 voci
656 1226 710 1282 lares
721 1226 890 1300 opponitur!
904 1226 942 1284 Et
950 1229 1063 1304 itaquo-

60 1324 120 1380 que
138 1308 195 1377 iarn
214 1302 366 1363 Planudern
381 1302 476 1378 legiffe
488 1312 582 1376 patet,
601 1303 668 1376 quia
680 1317 781 1360 vocem
797 1300 906 1375 iiten&
919 1302 1063 1375 adhibuit,

59 1400 133 1457 quae
154 1379 354 1457 turpitudinem
375 1376 565 1455 &pudorem
587 1379 665 1437 fimul
687 1391 776 1437 notat.
815 1380 892 1437 Nam
905 1379 991 1438 altera
1004 1388 1100 1450 vox&

55 1458 137 1533 pudor
150 1461 196 1517 bic
209 1456 321 1534 prorsus
336 1457 507 1515 inconcinna
521 1454 572 1515 est.
590 1457 661 1537 Quis
678 1457 754 1514 enirn
770 1456 1065 1533 itainepteloquatur.

58 1534 167 1611 pudeat,
186 1537 247 1609 qaia
256 1532 337 1607 pudor
348 1524 407 1607 esti
425 1534 489 1597 lmo
503 1549 574 1591 vero
587 1533 692 1609 pudeat
705 1549 758 1591 nos
774 1533 889 1605 alicujus
906 1535 986 1607 mali,
999 1534 1066 1609 quia

48 1623 131 1685 aereepe
146 1610 197 1683 est.
220 1611 347 1669 Imitatus
363 1604 404 1667 eil
417 1608 531 1681 Horatii
543 1602 593 1669 ista
605 1609 670 1668 Art
686 1608 767 1669 Poet.
782 1610 817 1674 ri.
834 1626 900 1683 417.
919 1609 982 1671 mibi
993 1616 1067 1684 tae'pe

61 1690 172 1761 reiieurei
183 1682 234 1761 eil,
254 1680 291 1743 Et
304 1684 368 1761 qued
380 1703 428 1751 aaa
443 1682 537 1754 didici,
548 1682 613 1761 sone
625 1682 718 1764 eresciee
724 1684 817 1761 fateri.
844 1686 902 1753 Ubi
917 1688 1000 1747 etiarn
1016 1704 1063 1747 an·

59 1777 106 1824 tea
126 1768 158 1842 ri.
182 1769 228 1825 88.
257 1761 312 1819 Car
331 1759 427 1839 nefiire
443 1759 540 1835 puderet
555 1774 651 1835 pave,
669 1780 743 1835 qaaere
762 1756 955 1895 dVeeee'rrralol
973 1764 1067 1849 Supra

61 1842 127 1900 Lib.
144 1858 164 1900 1.
184 1839 258 1900 Dist.
272 1856 339 1899 xxx.
373 1836 457 1912 turpe
476 1832 512 1912 est
528 1834 638 1908 nont,
657 1856 733 1914 quum
745 1856 776 1896 cu
784 1853 817 1913 pa
829 1836 961 1917 redarguit
975 1842 1064 1918 ipsene.

60 1919 99 1977 Et
114 1920 176 1993 quis
189 1933 249 1976 non
266 1918 305 1974 ita
320 1915 468 1993 loquitur?
486 1916 576 1999 Libro
589 1915 691 1975 eodem
707 1932 753 1975 nr.
768 1915 841 1976 Dist.
856 1932 923 1977 axx.

173 2012 239 2085 Cam
253 2014 349 2072 Venere
364 2008 402 2083 &a
414 2010 514 2070 Baccha
525 2012 559 2069 lit
570 2008 624 2087 est,
639 2011 684 2072 sed
692 2011 784 2088 janua
798 2014 922 2088 valuptas.

86 2091 92 2099 ‘
177 2087 257 2185 2⁹⁰⁶
267 2088 389 2148 blondum
402 2084 533 2163 eslunima
545 2088 716 2165 compleuere,
722 2087 847 2169 sedfuge
859 2092 924 2149 lites.

62 2189 131 2325 Vo?
149 2188 249 2262 exigua
258 2182 309 2276 sed
326 2183 465 2277 ostendit,
484 2185 571 2247 Viros
588 2185 700 2277 Doilos
714 2202 810 2245 veram
823 2197 947 2245 mentem
960 2186 1064 2263 prioris

60 2282 112 2327 ver
125 2282 157 2333 us
177 2280 238 2323 non
257 2260 489 2331 animadvertrss'e.
520 2264 588 2322 Hoc
608 2280 682 2321 enrm
701 2262 764 2322 vult
776 2263 897 2334 Auctor,
918 2260 1063 2321 &verum

63 2338 188 2477 {21}de
191 2340 270 2476 lgffo
289 2336 317 2398 dt
339 2356 434 2399 amore
452 2340 531 2398 litem
551 2337 773 2417 &voluptatem
787 2340 842 2399 elle
857 2340 945 2402 srmul.
970 2339 1065 2425 Repo·

174 2504 241 2564 Crem
256 2508 352 2565 Venere
365 2504 402 2577 δι’
417 2506 516 2565 Bacche
528 2502 609 2581 liseft
624 2505 750 2582 &janda
762 2510 886 2582 voluptas.

173 2582 253 2670 Quod
264 2583 383 2641 blandam
395 2581 430 2657 est
440 2587 525 2645 aerina
537 2583 716 2659 compleuere,
725 2580 850 2663 sedfuge
863 2587 929 2647 liter.
974 2624 980 2637 ·
1035 2622 1039 2631 ·

60 2679 100 2737 Et
117 2680 172 2747 ita,
190 2689 223 2737 ut
242 2674 374 2752 deinceps
395 2676 603 2746 animaduerti,
627 2678 712 2737 etiam
730 2678 796 2755 Job.
813 2678 894 2753 casp.
909 2677 1067 2737 Mallehlua

62 2753 160 2814 edidit.
192 2752 265 2812 Illud
282 2752 400 2810 lberdrem
421 2770 492 2812 vero
512 2754 635 2829 Scaliger
648 2755 710 2825 jure
724 2757 884 2827 meritoque
896 2756 949 2826 pr'o
963 2756 1066 2811 maere

62 2848 99 2889 ex
120 2830 273 2888 Pithoeana
293 2829 427 2888 Editione
467 2832 588 2889 robavit.
622 2831 754 2887 Ceterum
767 2826 804 2898 lsi
818 2830 874 2886 lmc
887 2828 1066 2887 locoPlanu·

62 2907 145 2975 dem,
164 2921 223 2964 non
235 2903 283 2983 sed
299 2906 392 2982 legiil'e
412 2848 535 2965 olfendit
554 2904 654 2965 Versro
674 2903 777 2963 iilbaec
792 2906 945 2980 ’rappen-
959 2899 1003 2977 ὼ
1018 2901 1068 2979 ’im

63 2980 166 3056 Βάκχῳ
181 2979 301 3059 Παφίῃτι
315 2982 420 3041 menan
434 3002 443 3041 .·
465 2996 496 3041 ut
510 2982 605 3041 nullus
619 2981 653 3039 de
668 2982 720 3039 hac
735 2982 912 3040 correctione
925 2993 1067 3040 remaneat

61 3058 207 3118 dubitandi
227 3057 315 3119 locus.
350 3062 426 3119 Mox
446 3059 519 3120 Dill.
535 3075 627 3121 xxxta.
647 3059 777 3117 meliores
799 3057 946 3117 Editiones
960 3058 1067 3117 habnt

60 3136 154 3213 patefit
172 3133 312 3213 ddeeimiae
322 3136 407 3210 pejor,
427 3136 559 3196 murnato
574 3140 615 3209 τῷ
621 3133 674 3211 fis,
688 3134 766 3211 quod
781 3133 888 3193 senium
902 3134 1065 3210 gignitpla-

61 3230 101 3273 nc
121 3213 250 3285 Auctoris
272 3215 359 3272 menti
382 3216 560 3274 contrarium.
587 3214 712 3272 Fortuna
726 3212 838 3271 alterius
855 3213 908 3280 iam
922 3211 1069 3271 nominata

60 3291 236 3366 intelligitur.
267 3291 356 3350 Paulo
375 3289 440 3367 post
460 3291 532 3351 Dist.
554 3306 659 3357 xxxiv.
685 3289 796 3348 mallem
818 3304 883 3347 curn
904 3288 1065 3364 Scaligeror

60 3386 121 3427 nom
139 3370 200 3426 litus
219 3379 317 3439 caepere
334 3369 411 3425 remis
426 3365 521 3425 Tutius
537 3364 572 3441 0ss
589 3369 683 3436 aab,
700 3383 776 3441 quarn
788 3366 859 3425 velis
873 3364 972 3423 tendere
984 3368 1013 3422 in
1026 3365 1064 3421 al-

60 3457 138 3536 trum·
154 3463 207 3527 pro
219 3445 337 3580 ggltgato
347 3446 444 3580 ἴέἰιὲη.
465 3443 616 3582 gpflofitio
629 3444 676 3503 illa
688 3445 763 3503 renis
775 3441 802 3523 dt
813 3444 879 3503 uelis
890 3441 981 3505 multo
996 3458 1065 3515 cone

62 3537 174 3581 emmor
187 3539 218 3581 re
257 3540 265 3580 1
281 3540 319 3581 ur.
383 3538 392 3579 1
411 3539 457 3582 em
500 3540 509 3581 ι
536 3538 644 3582 .xxxv.

204 3595 305 3672 Ereptis
317 3599 403 3671 pilas
413 3595 509 3658 nolito
525 3599 593 3659 flere
604 3597 743 3674 quaeadm

205 3673 255 3732 Sed
264 3674 352 3753 gaude
362 3678 462 3747 prius,
482 3676 531 3732 tibi
542 3693 618 3753 qaum
632 3678 755 3745 ceruinait
767 3674 863 3737 bebere.

62 3753 160 3811 Verba
168 3745 234 3825 flere
245 3750 365 3824 querendo
376 3750 422 3826 hic
434 3752 550 3823 iunctim
564 3752 656 3833 pofita
675 3753 769 3815 nescio
783 3751 851 3828 quid
867 3749 1004 3828 futilitatis
1017 3752 1066 3813 ha·

61 3832 157 3887 beant.
189 3828 254 3885 Nec
275 3828 393 3887 Erasmo
412 3828 592 3907 placuerim,
612 3831 662 3905 qui
681 3842 831 3906 propterea
846 3826 873 3887 le
886 3828 1013 3888 arbitrari
1026 3831 1066 3891 ait

63 3900 215 3978 legendum
233 3904 285 3960 noli
301 3922 406 3962 merem
423 3904 562 3978 querendec
580 3905 626 3967 led
642 3908 699 3967 hoe
712 3907 791 3974 iane,
813 3905 844 3964 iat
857 3905 947 3963 verbo
962 3906 1062 3976 venia,

61 3983 114 4040 vix
133 3978 193 4053 hilo
214 3981 328 4049 melium
348 3980 396 4041 etii
418 3981 485 4040 hinc
503 3981 600 4059 postea
614 3984 645 4042 in
657 3982 804 4041 Editiones
820 3981 929 4057 aliquot
943 3981 1066 4041 vetustam

60 4055 199 4135 irrepfiffc
218 4054 367 4134 videatur,
388 4075 457 4133 quas
477 4058 614 4119 Daumius
631 4059 765 4119 recenset.
791 4058 959 4117 Pulmannus
976 4058 1065 4121 edidit

62 4137 115 4193 ruli
127 4131 241 4207 gaudere
254 4134 384 4205 merendo,
404 4134 483 4211 quod
497 4136 567 4195 nihil
580 4135 614 4194 ad
629 4137 703 4194 hune
715 4136 868 4194 rhombum
883 4133 958 4193 facit.
985 4135 1067 4194 ldenr

64 4211 207 4272 tamenin
229 4209 363 4271 Editioae
382 4212 524 4272 Erasmica
543 4212 684 4291 Antverp.
704 4212 782 4271 Anni
806 4228 889 4286 1551.
911 4210 1067 4287 &quidem

64 4286 190 4367 moeream
207 4285 322 4367 peffime
342 4286 440 4351 exstat
472 4288 529 4354 sed
537 4291 658 4445 §gargani
671 4291 830 4368 conjeibua
844 4286 1067 4437 videturipffi
