2580 5076
427 682 1011 771 unntcntto'us's
1103 658 1105 669 ’

243 978 318 1052 EX
346 972 629 1047 EDITIONE
656 973 1166 1049 sTEPflnlttmrsrnrxn

310 1114 492 1189 Matutinus
510 1109 663 1185 Cortierius
675 1104 756 1184 Rob.
774 1109 922 1207 Stephano
937 1116 1100 1189 amicorum

505 1211 705 1303 integerrimo.
730 1207 765 1282 S.
789 1209 829 1283 P.
854 1208 902 1281 D.

264 1373 354 1442 Uum
376 1386 451 1436 ante
469 1368 733 1454 annosviginti,
758 1369 967 1456 dompnus,
993 1367 1137 1438 nostram
1156 1372 1207 1440 in·

286 1453 560 1543 terpretationem
582 1455 616 1521 in
641 1450 788 1521 Disticha
812 1455 969 1535 moralia,
993 1453 1132 1522 Catonis
1153 1455 1206 1524 in·

203 1538 325 1626 scripta
339 1538 476 1607 nomine
491 1588 502 1622 ‚
516 1540 569 1607 ‚im
597 1534 728 1605 reffilles
744 1560 753 1606 :
776 1538 822 1606 ita
836 1536 989 1624 putabam
1004 1535 1206 1605 nostratibus
1272 1604 1276 1609 ,

204 1621 331 1691 scholis
351 1625 413 1689 bac
436 1623 471 1692 in
492 1643 527 1690 re
550 1557 614 1690 epse
636 1618 856 1707 satisfactum,
878 1637 916 1691 ut
939 1622 991 1689 illi
1005 1621 1101 1726 operi
1120 1637 1205 1687 nun·

204 1726 304 1795 quant
325 1705 440 1793 postea
462 1708 544 1779 milri
570 1706 651 1775 ellet
666 1724 780 1775 manus
797 1706 994 1775 adhibenda.
1026 1700 1206 1790 sperabam

205 1786 296 1859 enim
316 1792 481 1877 temporis
501 1811 561 1879 pro
602 1790 668 1861 effu
682 1788 831 1859 futurum
874 1808 913 1859 ut
928 1788 1021 1858 Libri
1039 1789 1108 1874 ejus
1123 1786 1205 1853 loco

172 1875 317 2024 ,pluens
346 1875 470 1961 aliquid
501 1895 544 1941 ex
596 1876 740 1942 iceronis
768 1840 927 1975 Epistolis
950 1874 1204 1962 praelegeretur.

239 1976 330 2024 erum
345 1958 413 2105 εὲιε
430 1955 503 2024 usus
518 1958 604 2023 adeo
619 1958 837 2043 inveteravit,
847 1975 884 2027 ut
900 1960 1027 2031 etiamll
1042 1975 1104 2044 pro
1120 1973 1162 2020 eo
1178 1955 1210 2022 dc

206 2043 345 2109 utiliora*
403 2040 444 2105 ad
457 2038 668 2127 parvulorum
683 2054 818 2185 caffium
834 2043 937 2125 magis
954 2037 1210 2109 accommodata

206 2135 463 2210 proponantur,
492 2121 551 2187 vix
572 2137 682 2186 tamen
703 2138 721 2185 e
758 2122 825 2187 cias
850 2137 922 2188 ute
943 2120 1065 2189 scholis
1077 2119 1210 2207 prorsus

207 2204 422 2277 extrudatur:
447 2218 538 2270 tanta
559 2200 607 2269 cst
623 2203 673 2269 vis
688 2199 937 2271 consuetudinis
953 2221 1051 2301 atque
1066 2201 1209 2270 vetusta·

206 2282 260 2361 tis.
281 2284 430 2353 Tametfi
447 2305 515 2354 non
530 2304 569 2351 ea
582 2303 696 2352 mente
712 2285 794 2353 haec
810 2289 909 2369 dico,
929 2302 966 2353 ut
975 2284 1141 2353 Ltbellum
1152 2285 1208 2350 da·

206 2388 319 2439 muare
336 2371 457 2451 veliin,
481 2386 579 2465 quem
603 2366 801 2437 doctissrmus
836 2373 971 2457 uisque,
994 2369 1208 2454 &inprimis

208 2453 427 2521 Viracerrimi
433 2451 549 2600 {mii
561 2451 757 2520 Laurentius
766 2390 862 2521 Valla
871 2455 1071 2540 probaverit.
1097 2448 1207 2604 Qctluor·

207 2535 277 2607 sstm
292 2535 399 2620 ¹igitur
420 2537 430 2600 i
447 2533 507 2603 la?
520 2535 665 2620 inquies.
697 2532 786 2690 (guia
804 2540 897 2622 hujus
913 2537 1069 2607 carminis
1083 2535 1116 2602 le
1151 2537 1208 2616 io,

208 2618 267 2689 nin
283 2617 413 2686 viciffet
430 2615 664 2700 consuetudo,
688 2639 706 2685 a
749 2621 879 2708 eosqui
896 2641 970 2689 cum
987 2634 1115 2699 aetate,
1137 2636 1210 2686 tum

209 2701 361 2770 dodritta
383 2701 585 2770 robustiores
608 2702 738 2789 ellent,
768 2725 841 2772 mea
891 2706 1001 2773 uidem
1024 2702 1208 2782 sententia,

210 2786 315 2883 magis
328 2785 527 2872 pertinebat.
550 2785 616 2854 Sed
632 2788 690 2869 (ut
704 2789 746 2856 ad
760 2725 964 2875 propoffrtum
980 2788 1146 2871 revertar)
1156 2805 1211 2851 ac·

211 2872 294 2938 cidit
309 2870 390 2937 mibi
411 2871 444 2936 in
464 2872 530 2937 hoc
550 2867 688 2939 Libello
705 2873 858 3022 id,tLuod
874 2892 963 2939 eram
972 2870 1214 2957 sempermaxi·

210 2973 265 3023 me
289 2955 436 3020 veritust
466 2972 503 3020 ut
527 2973 593 3040 quo
613 2952 776 3042 saepiusa
816 2956 981 3042 imperitis
997 2953 1213 3043 typographis

211 3037 482 3122 imprimeretur,
513 3057 556 3105 eo
573 3039 721 3123 pluribus
741 3040 871 3107 mendis
894 3056 1094 3125 corruptus,
1126 3040 1214 3105 inter

211 3141 327 3189 manus
353 3140 533 3208 puerorum
559 3120 753 3191 versaretur.
796 3123 949 3189 Maxime
973 3140 1055 3188 vero
1081 3140 1123 3187 ex
1145 3138 1213 3205 quo

212 3222 533 3290 tempore‚propter
547 3224 570 3271 o
596 3223 687 3273 erum
701 3207 920 3274 maximorum
929 3224 1014 3270 occu
1039 3204 1211 3285 ationem,

212 3305 291 3353 eum
314 3287 500 3371 imprimere
523 3223 697 3369 definisti,
720 3305 811 3355 tanta
835 3284 967 3373 sequuta
988 3223 1037 3352 eff
1050 3284 1210 3370 deprava·

213 3370 289 3453 tio,
318 3385 371 3437 tot
396 3368 552 3437 lectionis
582 3371 787 3452 varietates,
817 3384 855 3435 ut
876 3370 970 3435 multi
996 3368 1213 3436 mediocriter

213 3455 316 3522 etiarn
339 3452 428 3522 docti
450 3472 490 3519 ea
511 3451 553 3518 de
576 3473 610 3519 re
632 3453 815 3539 gravillime
830 3471 1054 3550 quererentur.
1096 3450 1213 3536 Itaque

213 3537 318 3606 vidus
357 3536 478 3605 uerelis
493 3536 525 3605 dt
540 3536 737 3623 importunis
756 3535 908 3623 prectbus
927 3554 1054 3617 eorum,
1071 3537 1125 3620 qui
1142 3533 1212 3602 sae·

151 3666 153 3670 -
213 3623 286 3707 pius
304 3557 547 3708 efflagitabant,
557 3635 594 3686 ut
609 3619 693 3687 hanc
708 3638 814 3687 meam
830 3619 1145 3705 interpretationem
1154 3619 1213 3686 ali·

213 3705 347 3791 quando
366 3701 658 3790 recognoscerem:
681 3704 767 3770 banc
789 3705 924 3788 operani
947 3705 1082 3771 tandem
1106 3700 1212 3771 susce·

214 3787 247 3872 pi
259 3833 270 3866 ‚
281 3788 388 3872 eoque
406 3786 564 3855 libentius
580 3788 669 3871 quod
684 3787 716 3854 dt
731 3785 849 3853 librum
866 3787 1008 3872 indignis
1024 3788 1132 3856 modis
1148 3785 1214 3854 elle

214 3870 427 3953 depravatum
443 3871 653 3955 indignabar:
677 3870 808 3938 &hanc
828 3868 929 4020 ilpsam
946 3873 1212 3956 recognitionem

217 3951 385 4038 sperabam
409 3973 478 4020 non
507 3955 610 4021 modo
633 3954 743 4039 pueris
766 3973 827 4039 pro
847 3972 1002 4038 uturam,
1033 3953 1214 4021 sedetiam

213 4035 438 4120 compluribus
453 4037 541 4103 Viris
558 4038 676 4121 bonis,
701 4035 888 4125 praesertim
904 4058 1079 4125 puerorum
1095 4035 1212 4103 docto·

212 4120 327 4198 ribus,
357 4137 425 4184 non
453 4118 613 4202 ingratam
637 4123 723 4191 fore.
764 4120 863 4189 Hunc
894 4123 994 4218 igitur
1015 4123 1048 4186 in
1073 4121 1212 4189 modum

212 4199 405 4295 opusculum
420 4202 611 4272 emendavi:
626 4208 770 4295 primum
784 4221 891 4274 errata
907 4206 968 4274 tlla
984 4202 1211 4292 typographo·

1140 4304 1214 4356 rum
