2596 4920
207 330 485 474 Josnrnr
517 342 887 436 scuticam
929 366 1089 436 xsxm

119 542 279 686 PR
329 563 389 685 A
433 557 491 680 E
547 559 712 680 FA
761 556 821 677 T
872 557 898 679 Ι
951 560 1041 708 Ο,

72 754 75 759 λ
161 810 260 912 Quae-
269 811 411 906 reperitur
425 809 458 878 in
472 804 614 878 Editloue
629 799 913 898 Amstelutdamenfi
927 821 998 879 aute

379 921 481 992 Notos
496 919 561 1014 ejus
578 917 610 987 itr
631 911 783 986 Catonern.

161 1157 281 1233 Atonis
303 1154 454 1232 Moralia
479 1148 632 1228 Disticha
662 1156 761 1246 quare
787 1157 875 1228 nunc
899 1150 1017 1234 eodem
1040 1152 1077 1230 in

183 1257 291 1355 pretio
312 1277 383 1328 non
405 1251 488 1343 stur,
536 1273 580 1322 uo
598 1249 687 1352 apud
704 1252 845 1349 majores
862 1248 1076 1326 nostros'fue·

72 1358 168 1447 runt,
192 1355 316 1429 nullam
331 1350 428 1424 aliam
443 1368 503 1422 cau
544 1370 584 1441 ,m
599 1342 807 1420 comminisci
820 1347 965 1442 possum,
980 1372 1077 1445 prae·

74 1460 128 1526 'ter
150 1451 253 1525 nostri
278 1446 398 1522 saeculi
421 1441 586 1519 fastidium
602 1477 617 1531 ,·
646 1443 737 1539 quod
755 1460 884 1516 veteres
907 1441 1080 1538 scriptores

73 1571 146 1624 non
162 1546 266 1622 solum
282 1561 516 1633 contemnere,
533 1539 699 1615 sedetiam
714 1541 871 1614 damnare
885 1538 977 1615 soler.
1001 1540 1079 1640 Ego

62 1636 178 1732 uero,
196 1665 298 1739 quum
312 1639 354 1713 ad
370 1637 592 1712 informandos
610 1633 647 1709 dr
663 1637 807 1712 moribus
822 1637 861 1711 dr
875 1630 998 1710 Laiin'o
1013 1638 1078 1713 ser·

77 1750 181 1814 'mone
199 1760 374 1836 puerorum
400 1755 527 1808 teneros
541 1732 682 1826 animos,
710 1756 816 1833 neque
831 1735 1002 1809 meliorem
1018 1737 1075 1812 Li·

77 1839 172 1917 bruni
205 1842 310 1907 n'ue
340 1832 451 1928 purius
481 1832 666 1928 loquentem
695 1833 759 1906 hac
790 1832 880 1906 Podsr
907 1833 1075 1929 viderem,

77 1932 175 2030 coepi
199 1937 239 2006 ea
261 1954 315 2005 ern
334 1932 484 2006 libertate
510 1929 745 2005 hodiernorum
766 1929 938 2005 hominum
949 1932 1074 2030 judicia

73 2049 307 2121 contemnere,
331 2051 395 2127 qua
408 2028 453 2102 illi
468 2029 572 2101 bonos
589 2026 764 2128 scriptores
780 2025 944 2126 aspernari
955 2029 1070 2107 solent.

71 2120 195 2223 ‘Visum
209 2129 309 2226 igitur
316 2128 405 2200 bunc
421 2125 563 2199 libellum
579 2126 850 2224 relegere‚qunm
867 2125 894 2200 is
908 2125 1002 2218 casu,
1012 2151 1072 2203 nc·
1127 2219 1130 2228 .

61 2225 143 2302 ¹scio
154 2251 242 2325 quo,
260 2222 406 2300 ob'edbus
422 2220 501 2296 ellet
511 2273 525 2313 ,
535 2220 615 2299 dum
630 2224 818 2300 interventu
834 2223 1012 2299 febriculae
1028 2224 1069 2302 dr

71 2324 239 2423 languoris
263 2324 295 2399 d·
327 2324 457 2409 neser,
492 2342 536 2393 ne
553 2319 595 2394 ad
616 2323 785 2420 graviores
807 2345 900 2399 curas
923 2324 1070 2400 animum

71 2425 238 2521 applicare
260 2418 396 2520 possem.
434 2422 438 2430 '
485 2417 537 2492 uia
560 2441 642 2493 vero
664 2420 799 2496 biennio
820 2438 896 2494 ante
908 2421 1069 2519 quaedam

72 2518 432 2615 inPlanudisMetaph‘
469 2543 480 2592 r
495 2514 723 2616 castigavimus
738 2574 748 2610 ,
769 2520 947 2617 nequeper
962 2520 1069 2596 otium

72 2615 139 2688 toti
164 2614 367 2711 castigandae
387 2638 524 2710 operam
545 2614 623 2688 dare
644 2616 764 2708 licuit,-
787 2619 908 2692 iterum
929 2616 1017 2692 illam
1030 2622 1067 2694 in

71 2735 190 2786 manus
212 2709 337 2807 sumpsi.
388 2712 485 2808 Quae
507 2710 649 2785 adeo&
673 2725 692 2787 a'
717 2714 857 2810 puritate
871 2715 1065 2794 Hellenismi

71 2809 178 2884 aliena
202 2809 269 2883 visa
292 2805 357 2899 est,
374 2808 419 2907 ἃ
434 2826 491 2903 rot
511 2809 714 2884 barbarismis
727 2813 801 2903 lita,
827 2831 880 2902 ut,
906 2812 965 2885 nisr
981 2816 1065 2891 milri

70 2907 202 2983 aliunde
214 2905 598 2997 constaretsPlanudem
615 2908 684 3006 ejus
698 2909 878 2984 Audiorem
893 2907 979 3003 effe,
1007 2914 1066 2990 vix

72 3029 94 3079 a
116 3007 247 3095 tirone,
270 3005 410 3078 nedum
434 3009 474 3078 ab
501 3006 634 3080 homine
649 3008 780 3081 Graeco
797 3007 981 3104 profediam
999 3010 1066 3085 else

70 3101 284 3177 credidissem.
331 3103 392 3175 Ne
409 3103 510 3200 igitur
530 3104 687 3179 tironibus
710 3106 905 3180 Hellenismi
920 3107 1069 3206 audiori·¹
1109 3145 1121 3155 ·

71 3217 122 3274 ms
145 3202 227 3276 illius
251 3199 499 3298 Metaphrastae
520 3201 630 3276 fraudi
652 3201 764 3292 ellet‚·
786 3227 854 3284 non
880 3202 981 3277 solum
1010 3225 1064 3277 to·

72 3312 142 3368 tarn
160 3320 245 3391 pene
260 3300 328 3394 ejus
344 3298 585 3398 Metaphrasrm
600 3298 946 3397 interpolavimus‚sed
963 3302 1064 3375 etiam

71 3391 292 3468 innovationis
308 3398 352 3478 »ab
366 3401 499 3470 bimaris
513 3397 605 3494 hujus
621 3399 783 3471 rationem
799 3397 903 3469 Notis
920 3399 1064 3474 brevill-

71 3489 136 3563 mis
158 3491 294 3565 reddere
315 3493 520 3569 instituimus.
569 3496 658 3596 Quia
680 3508 761 3570 vero
786 3494 974 3662 pepplurirni
990 3497 1063 3574 sunt

71 3585 199 3677 hodie,
235 3591 291 3687 qni
311 3592 345 3665 in
370 3593 506 3666 Graecis
526 3596 668 3666 multum
691 3591 818 3688 profeci
846 3593 983 3668 evideri
999 3622 1063 3670 vo·

70 3682 161 3775 lunt;
171 3689 235 3761 rari
250 3708 361 3761 tamen
377 3690 411 3762 in
428 3691 488 3763 illis
501 3688 572 3761 sunt
581 3740 595 3778 ,
612 3689 666 3786 qui
680 3692 819 3788 aliquem
834 3689 963 3786 gustum
979 3697 1062 3768 Ροδ-

69 3781 141 3861 seos
172 3787 322 3863 Graecae
345 3788 509 3878 habeant,
542 3786 588 3923 fr*
598 3788 636 3926 {¹¹
661 3787 723 3862 hae
746 3788 900 3888 palaestra
917 3792 1063 3963 anirpum

735 3946 739 3953 .
991 3911 1066 3961 uum
