<?xml version="1.0" encoding="UTF-8"?>
<!DOCTYPE html PUBLIC "-//W3C//DTD XHTML 1.0 Transitional//EN"
    "http://www.w3.org/TR/xhtml1/DTD/xhtml1-transitional.dtd">
<html xmlns="http://www.w3.org/1999/xhtml" xml:lang="en" lang="en">
 <head>
  <title>
</title>
<meta http-equiv="Content-Type" content="text/html;charset=utf-8" />
  <meta name='ocr-system' content='tesseract 3.04.00' />
  <meta name='ocr-capabilities' content='ocr_page ocr_carea ocr_par ocr_line ocrx_word'/>
</head>
<body>
  <div class='ocr_page' id='page_1' title='image "./dionysiicatonis00fokkgoog_0458.png"; bbox 0 0 2596 4920; ppageno 0'>
   <div class='ocr_carea' id='block_1_1' title="bbox 199 714 1093 831">
    <p class='ocr_par' dir='ltr' id='par_1_1' title="bbox 199 714 1093 831">
     <span class='ocr_line' id='line_1_1' title="bbox 199 714 1093 831; baseline -0.047 2"><span class='ocrx_word' id='word_1_1' title='bbox 199 753 269 831; x_wconf 78' lang='lat'>374</span> <span class='ocrx_word' id='word_1_2' title='bbox 348 714 1093 802; x_wconf 82' lang='lat' dir='ltr'>HENRICICANNEGIETERI</span> 
     </span>
    </p>
   </div>
   <div class='ocr_carea' id='block_1_2' title="bbox 153 828 1217 1753">
    <p class='ocr_par' dir='ltr' id='par_1_2' title="bbox 153 828 1217 1753">
     <span class='ocr_line' id='line_1_2' title="bbox 199 828 1214 929; baseline -0.007 -22"><span class='ocrx_word' id='word_1_3' title='bbox 199 844 313 929; x_wconf 87' lang='lat' dir='ltr'>ptores</span> <span class='ocrx_word' id='word_1_4' title='bbox 328 855 434 915; x_wconf 86' lang='lat' dir='ltr'>vero,</span> <span class='ocrx_word' id='word_1_5' title='bbox 455 836 511 920; x_wconf 90' lang='lat' dir='ltr'>qui</span> <span class='ocrx_word' id='word_1_6' title='bbox 526 849 585 899; x_wconf 82' lang='lat' dir='ltr'>eos</span> <span class='ocrx_word' id='word_1_7' title='bbox 600 828 700 897; x_wconf 91' lang='lat' dir='ltr'>teslcs</span> <span class='ocrx_word' id='word_1_8' title='bbox 717 833 850 912; x_wconf 90' lang='lat' dir='ltr'>citant,</span> <span class='ocrx_word' id='word_1_9' title='bbox 871 850 939 897; x_wconf 92' lang='lat' dir='ltr'>uno</span> <span class='ocrx_word' id='word_1_10' title='bbox 955 833 1109 901; x_wconf 81' lang='lat' dir='ltr'><strong>contenti</strong></span> <span class='ocrx_word' id='word_1_11' title='bbox 1128 834 1214 904; x_wconf 81' lang='lat' dir='ltr'>esl&#39;e.</span> 
     </span>
     <span class='ocr_line' id='line_1_3' title="bbox 201 914 1212 1012; baseline -0.007 -20"><span class='ocrx_word' id='word_1_12' title='bbox 201 924 259 992; x_wconf 86' lang='lat' dir='ltr'>Sic</span> <span class='ocrx_word' id='word_1_13' title='bbox 274 920 326 987; x_wconf 91' lang='lat' dir='ltr'>M.</span> <span class='ocrx_word' id='word_1_14' title='bbox 343 919 479 986; x_wconf 91' lang='lat' dir='ltr'>Tullius</span> <span class='ocrx_word' id='word_1_15' title='bbox 494 916 636 997; x_wconf 90' lang='lat' dir='ltr'>Cicero,</span> <span class='ocrx_word' id='word_1_16' title='bbox 659 915 697 982; x_wconf 92' lang='lat' dir='ltr'>P.</span> <span class='ocrx_word' id='word_1_17' title='bbox 715 915 873 1000; x_wconf 84' lang='lat' dir='ltr'>Virgilius</span> <span class='ocrx_word' id='word_1_18' title='bbox 889 914 1008 1005; x_wconf 89' lang='lat' dir='ltr'>Maro,</span> <span class='ocrx_word' id='word_1_19' title='bbox 1035 917 1081 1012; x_wconf 87' lang='lat' dir='ltr'>Q.</span> <span class='ocrx_word' id='word_1_20' title='bbox 1097 915 1212 985; x_wconf 86' lang='lat' dir='ltr'>Hora·</span> 
     </span>
     <span class='ocr_line' id='line_1_4' title="bbox 153 995 1216 1093; baseline -0.002 -23"><span class='ocrx_word' id='word_1_21' title='bbox 153 1020 155 1027; x_wconf 87' lang='lat'>·</span> <span class='ocrx_word' id='word_1_22' title='bbox 203 1007 267 1073; x_wconf 88' lang='lat' dir='ltr'>tius</span> <span class='ocrx_word' id='word_1_23' title='bbox 284 1001 444 1084; x_wconf 84' lang='lat' dir='ltr'>Flaccus,</span> <span class='ocrx_word' id='word_1_24' title='bbox 455 1002 488 1067; x_wconf 93' lang='lat' dir='ltr'>in</span> <span class='ocrx_word' id='word_1_25' title='bbox 498 998 675 1081; x_wconf 87' lang='lat' dir='ltr'>Librorum</span> <span class='ocrx_word' id='word_1_26' title='bbox 691 998 797 1065; x_wconf 83' lang='lat' dir='ltr'>titulis</span> <span class='ocrx_word' id='word_1_27' title='bbox 811 995 1017 1093; x_wconf 66' lang='lat' dir='ltr'>scribuntur,</span> <span class='ocrx_word' id='word_1_28' title='bbox 1028 1001 1063 1067; x_wconf 91' lang='lat' dir='ltr'>in</span> <span class='ocrx_word' id='word_1_29' title='bbox 1077 998 1216 1088; x_wconf 83' lang='lat' dir='ltr'>scriptis</span> 
     </span>
     <span class='ocr_line' id='line_1_5' title="bbox 202 1082 1214 1170; baseline -0.005 -15"><span class='ocrx_word' id='word_1_30' title='bbox 202 1106 286 1155; x_wconf 85' lang='lat' dir='ltr'>vero</span> <span class='ocrx_word' id='word_1_31' title='bbox 310 1086 451 1152; x_wconf 91' lang='lat' dir='ltr'>aliorum</span> <span class='ocrx_word' id='word_1_32' title='bbox 472 1103 540 1167; x_wconf 90' lang='lat' dir='ltr'>uno</span> <span class='ocrx_word' id='word_1_33' title='bbox 551 1082 717 1164; x_wconf 44' lang='lat' dir='ltr'>,duntaxat</span> <span class='ocrx_word' id='word_1_34' title='bbox 734 1099 870 1150; x_wconf 87' lang='lat' dir='ltr'>nomme</span> <span class='ocrx_word' id='word_1_35' title='bbox 886 1082 918 1148; x_wconf 79' lang='lat' dir='ltr'>bc</span> <span class='ocrx_word' id='word_1_36' title='bbox 956 1084 1134 1151; x_wconf 82' lang='lat' dir='ltr'>otisirmum</span> <span class='ocrx_word' id='word_1_37' title='bbox 1149 1104 1214 1170; x_wconf 87' lang='lat' dir='ltr'>po·</span> 
     </span>
     <span class='ocr_line' id='line_1_6' title="bbox 202 1101 1216 1252; baseline -0.004 -13"><span class='ocrx_word' id='word_1_38' title='bbox 202 1168 335 1239; x_wconf 86' lang='lat' dir='ltr'>stremo.</span> <span class='ocrx_word' id='word_1_39' title='bbox 360 1167 448 1234; x_wconf 84' lang='lat' dir='ltr'>Artis</span> <span class='ocrx_word' id='word_1_40' title='bbox 465 1164 700 1252; x_wconf 75' lang='lat' dir='ltr'>professionem</span> <span class='ocrx_word' id='word_1_41' title='bbox 716 1163 868 1249; x_wconf 78' lang='lat' dir='ltr'>nonnulli</span> <span class='ocrx_word' id='word_1_42' title='bbox 882 1101 1009 1247; x_wconf 54' lang='lat' dir='ltr'>adrium</span> <span class='ocrx_word' id='word_1_43' title='bbox 1030 1167 1106 1233; x_wconf 91' lang='lat' dir='ltr'>libri</span> <span class='ocrx_word' id='word_1_44' title='bbox 1115 1215 1129 1250; x_wconf 88' lang='lat'>‚</span> <span class='ocrx_word' id='word_1_45' title='bbox 1145 1186 1216 1235; x_wconf 90' lang='lat' dir='ltr'>nec</span> 
     </span>
     <span class='ocr_line' id='line_1_7' title="bbox 204 1248 1215 1336; baseline -0.003 -15"><span class='ocrx_word' id='word_1_46' title='bbox 204 1253 273 1335; x_wconf 81' lang='lat' dir='ltr'>iton</span> <span class='ocrx_word' id='word_1_47' title='bbox 289 1251 450 1318; x_wconf 85' lang='lat' dir='ltr'>Alcuinus</span> <span class='ocrx_word' id='word_1_48' title='bbox 458 1299 471 1333; x_wconf 88' lang='lat'>‚</span> <span class='ocrx_word' id='word_1_49' title='bbox 486 1249 606 1334; x_wconf 87' lang='lat' dir='ltr'>aliique</span> <span class='ocrx_word' id='word_1_50' title='bbox 621 1248 809 1333; x_wconf 90' lang='lat' dir='ltr'>sequiorum</span> <span class='ocrx_word' id='word_1_51' title='bbox 824 1266 986 1317; x_wconf 88' lang='lat' dir='ltr'>aevorum</span> <span class='ocrx_word' id='word_1_52' title='bbox 1002 1249 1215 1336; x_wconf 78' lang='lat' dir='ltr'>Scriptorese</span> 
     </span>
     <span class='ocr_line' id='line_1_8' title="bbox 209 1330 1214 1421; baseline -0.003 -18"><span class='ocrx_word' id='word_1_53' title='bbox 209 1337 212 1415; x_wconf 59' lang='grc' dir='ltr'>ζ</span> <span class='ocrx_word' id='word_1_54' title='bbox 241 1337 276 1403; x_wconf 93' lang='lat' dir='ltr'>ui</span> <span class='ocrx_word' id='word_1_55' title='bbox 300 1331 497 1419; x_wconf 86' lang='lat' dir='ltr'>Philosophi</span> <span class='ocrx_word' id='word_1_56' title='bbox 519 1352 642 1401; x_wconf 90' lang='lat' dir='ltr'>nomen</span> <span class='ocrx_word' id='word_1_57' title='bbox 665 1330 853 1420; x_wconf 86' lang='lat' dir='ltr'>adscribunt</span> <span class='ocrx_word' id='word_1_58' title='bbox 900 1332 942 1399; x_wconf 90' lang='lat' dir='ltr'>de</span> <span class='ocrx_word' id='word_1_59' title='bbox 987 1352 1031 1401; x_wconf 92' lang='lat' dir='ltr'>uo</span> <span class='ocrx_word' id='word_1_60' title='bbox 1047 1332 1214 1421; x_wconf 65' lang='lat' dir='ltr'>deinceps</span> 
     </span>
     <span class='ocr_line' id='line_1_9' title="bbox 243 1351 1216 1513; baseline -0.001 -27"><span class='ocrx_word' id='word_1_61' title='bbox 243 1439 300 1487; x_wconf 92' lang='lat' dir='ltr'>ura</span> <span class='ocrx_word' id='word_1_62' title='bbox 320 1418 492 1506; x_wconf 83' lang='lat' dir='ltr'>dicentur.</span> <span class='ocrx_word' id='word_1_63' title='bbox 524 1415 564 1485; x_wconf 86' lang='lat' dir='ltr'>ln</span> <span class='ocrx_word' id='word_1_64' title='bbox 585 1416 678 1512; x_wconf 82' lang='lat' dir='ltr'>libris</span> <span class='ocrx_word' id='word_1_65' title='bbox 698 1412 838 1483; x_wconf 88' lang='lat' dir='ltr'>Graecis</span> <span class='ocrx_word' id='word_1_66' title='bbox 859 1351 1012 1484; x_wconf 57' lang='lat' dir='ltr'>l&#39;lanugis</span> <span class='ocrx_word' id='word_1_67' title='bbox 1034 1434 1216 1513; x_wconf 78' lang='lat' dir='ltr'>praeterea</span> 
     </span>
     <span class='ocr_line' id='line_1_10' title="bbox 203 1440 1217 1588; baseline -0.006 -15"><span class='ocrx_word' id='word_1_68' title='bbox 203 1440 374 1573; x_wconf 61' lang='lat' dir='ltr'>flomanus</span> <span class='ocrx_word' id='word_1_69' title='bbox 389 1515 546 1587; x_wconf 88' lang='lat' dir='ltr'>vocatur:</span> <span class='ocrx_word' id='word_1_70' title='bbox 569 1516 606 1583; x_wconf 88' lang='lat' dir='ltr'>ut</span> <span class='ocrx_word' id='word_1_71' title='bbox 621 1499 700 1566; x_wconf 86' lang='lat' dir='ltr'>mde</span> <span class='ocrx_word' id='word_1_72' title='bbox 714 1497 896 1588; x_wconf 84' lang='lat' dir='ltr'>cognoscat</span> <span class='ocrx_word' id='word_1_73' title='bbox 909 1492 1025 1567; x_wconf 72' lang='lat' dir='ltr'>been</span> <span class='ocrx_word' id='word_1_74' title='bbox 1054 1496 1217 1567; x_wconf 79' lang='lat' dir='ltr'>Disticha¹</span> 
     </span>
     <span class='ocr_line' id='line_1_11' title="bbox 206 1545 1217 1677; baseline -0.008 -21"><span class='ocrx_word' id='word_1_75' title='bbox 206 1585 267 1657; x_wconf 88' lang='lat' dir='ltr'>illa</span> <span class='ocrx_word' id='word_1_76' title='bbox 284 1583 348 1652; x_wconf 85' lang='lat' dir='ltr'>elie</span> <span class='ocrx_word' id='word_1_77' title='bbox 363 1583 505 1667; x_wconf 90' lang='lat' dir='ltr'>Romani</span> <span class='ocrx_word' id='word_1_78' title='bbox 523 1582 668 1651; x_wconf 90' lang='lat' dir='ltr'>bominis</span> <span class='ocrx_word' id='word_1_79' title='bbox 681 1583 849 1653; x_wconf 84' lang='lat' dir='ltr'>&amp;Latine</span> <span class='ocrx_word' id='word_1_80' title='bbox 864 1581 1005 1677; x_wconf 81' lang='lat' dir='ltr'>scripta,</span> <span class='ocrx_word' id='word_1_81' title='bbox 1026 1545 1083 1675; x_wconf 74' lang='lat' dir='ltr'>led</span> <span class='ocrx_word' id='word_1_82' title='bbox 1097 1601 1118 1653; x_wconf 87' lang='lat' dir='ltr'>a</span> <span class='ocrx_word' id='word_1_83' title='bbox 1134 1576 1217 1651; x_wconf 64' lang='lat' dir='ltr'>Pla</span> 
     </span>
     <span class='ocr_line' id='line_1_12' title="bbox 206 1664 1201 1753; baseline -0.005 -13"><span class='ocrx_word' id='word_1_84' title='bbox 206 1668 344 1740; x_wconf 82' lang='lat' dir='ltr'>nudem</span> <span class='ocrx_word' id='word_1_85' title='bbox 361 1664 525 1743; x_wconf 82' lang='lat' dir='ltr'>Graecam</span> <span class='ocrx_word' id='word_1_86' title='bbox 539 1667 685 1753; x_wconf 81' lang='lat' dir='ltr'>lingttam</span> <span class='ocrx_word' id='word_1_87' title='bbox 702 1666 804 1738; x_wconf 89' lang='lat' dir='ltr'>versa.</span> <span class='ocrx_word' id='word_1_88' title='bbox 1000 1676 1004 1683; x_wconf 86' lang='lat'>&#39;</span> <span class='ocrx_word' id='word_1_89' title='bbox 1199 1678 1201 1683; x_wconf 83' lang='grc'><strong>’</strong></span> 
     </span>
    </p>
   </div>
   <div class='ocr_carea' id='block_1_3' title="bbox 577 1832 834 1913">
    <p class='ocr_par' dir='ltr' id='par_1_3' title="bbox 577 1832 834 1913">
     <span class='ocr_line' id='line_1_13' title="bbox 577 1832 834 1913; baseline -0.039 0"><span class='ocrx_word' id='word_1_90' title='bbox 577 1834 608 1913; x_wconf 79' lang='lat' dir='ltr'>C</span> <span class='ocrx_word' id='word_1_91' title='bbox 630 1835 659 1903; x_wconf 83' lang='lat' dir='ltr'>A</span> <span class='ocrx_word' id='word_1_92' title='bbox 679 1832 717 1904; x_wconf 89' lang='lat' dir='ltr'>P.</span> <span class='ocrx_word' id='word_1_93' title='bbox 758 1833 834 1904; x_wconf 89' lang='lat'>111.</span> 
     </span>
    </p>
   </div>
   <div class='ocr_carea' id='block_1_4' title="bbox 209 1997 1215 2342">
    <p class='ocr_par' dir='ltr' id='par_1_4' title="bbox 209 1997 1213 2103">
     <span class='ocr_line' id='line_1_14' title="bbox 209 1997 1213 2103; baseline -0.002 -30"><span class='ocrx_word' id='word_1_94' title='bbox 209 2006 279 2103; x_wconf 67' lang='lat' dir='ltr'><em>Q</em></span> <span class='ocrx_word' id='word_1_95' title='bbox 290 2009 408 2092; x_wconf 82' lang='lat' dir='ltr'>primus</span> <span class='ocrx_word' id='word_1_96' title='bbox 422 2001 585 2087; x_wconf 71' lang='lat' dir='ltr'>elusionem</span> <span class='ocrx_word' id='word_1_97' title='bbox 598 1997 800 2085; x_wconf 76' lang='lat' dir='ltr'>Drssicburun</span> <span class='ocrx_word' id='word_1_98' title='bbox 815 2005 960 2074; x_wconf 79' lang='lat' dir='ltr'>incertum</span> <span class='ocrx_word' id='word_1_99' title='bbox 978 2005 1104 2079; x_wconf 72' lang='lat' dir='ltr'>diuerb.</span> <span class='ocrx_word' id='word_1_100' title='bbox 1138 2002 1213 2071; x_wconf 84' lang='lat' dir='ltr'>Oli·</span> 
     </span>
    </p>

    <p class='ocr_par' dir='ltr' id='par_1_5' title="bbox 214 2085 1215 2342">
     <span class='ocr_line' id='line_1_15' title="bbox 214 2085 1215 2235; baseline -0.006 -78"><span class='ocrx_word' id='word_1_101' title='bbox 214 2112 217 2121; x_wconf 93' lang='lat'><em>·</em></span> <span class='ocrx_word' id='word_1_102' title='bbox 232 2092 295 2178; x_wconf 54' lang='lat' dir='ltr'>tier</span> <span class='ocrx_word' id='word_1_103' title='bbox 307 2087 604 2235; x_wconf 60' lang='lat' dir='ltr'>enuudatugoounir</span> <span class='ocrx_word' id='word_1_104' title='bbox 617 2085 838 2169; x_wconf 63' lang='lat' dir='ltr'>Suriqbera‘enfir</span> <span class='ocrx_word' id='word_1_105' title='bbox 851 2085 957 2157; x_wconf 48' lang='lat' dir='ltr'>bura*</span> <span class='ocrx_word' id='word_1_106' title='bbox 975 2088 1215 2177; x_wconf 71' lang='lat' dir='ltr'>lijussentenrr&#39;a</span> 
     </span>
     <span class='ocr_line' id='line_1_16' title="bbox 247 2165 1210 2257; baseline -0.003 -17"><span class='ocrx_word' id='word_1_107' title='bbox 247 2175 428 2255; x_wconf 78' lang='lat' dir='ltr'>inquiritur.</span> <span class='ocrx_word' id='word_1_108' title='bbox 497 2165 699 2253; x_wconf 74' lang='lat' dir='ltr'>islicbonxrx.</span> <span class='ocrx_word' id='word_1_109' title='bbox 717 2170 807 2239; x_wconf 82' lang='lat' dir='ltr'>Libri</span> <span class='ocrx_word' id='word_1_110' title='bbox 822 2189 876 2238; x_wconf 88' lang='lat'>111.</span> <span class='ocrx_word' id='word_1_111' title='bbox 900 2177 1081 2257; x_wconf 71' lang='lat' dir='ltr'>exponitur,</span> <span class='ocrx_word' id='word_1_112' title='bbox 1095 2172 1210 2256; x_wconf 79' lang='lat' dir='ltr'>sessu·</span> 
     </span>
     <span class='ocr_line' id='line_1_17' title="bbox 239 2250 1172 2342; baseline 0 -20"><span class='ocrx_word' id='word_1_113' title='bbox 239 2255 383 2342; x_wconf 62' lang='lat' dir='ltr'>speeiem.</span> <span class='ocrx_word' id='word_1_114' title='bbox 417 2250 639 2333; x_wconf 76' lang='lat' dir='ltr'>Surislrerienfir</span> <span class='ocrx_word' id='word_1_115' title='bbox 654 2253 737 2320; x_wconf 77' lang='lat' dir='ltr'>leun</span> <span class='ocrx_word' id='word_1_116' title='bbox 755 2253 988 2339; x_wconf 66' lang='lat' dir='ltr'>instuspniouenr</span> <span class='ocrx_word' id='word_1_117' title='bbox 1002 2257 1172 2323; x_wconf 62' lang='lat' dir='ltr'>Mduebur.</span> 
     </span>
    </p>
   </div>
   <div class='ocr_carea' id='block_1_5' title="bbox 177 2419 1223 4347">
    <p class='ocr_par' dir='ltr' id='par_1_6' title="bbox 177 2419 1222 4010">
     <span class='ocr_line' id='line_1_18' title="bbox 208 2419 1215 2572; baseline 0.004 -84"><span class='ocrx_word' id='word_1_118' title='bbox 208 2419 436 2572; x_wconf 78' lang='lat' dir='ltr'>SCriptores</span> <span class='ocrx_word' id='word_1_119' title='bbox 451 2439 531 2507; x_wconf 88' lang='lat' dir='ltr'>crgo</span> <span class='ocrx_word' id='word_1_120' title='bbox 547 2421 748 2506; x_wconf 86' lang='lat' dir='ltr'>antiquiores</span> <span class='ocrx_word' id='word_1_121' title='bbox 764 2436 881 2487; x_wconf 91' lang='lat' dir='ltr'>omncs</span> <span class='ocrx_word' id='word_1_122' title='bbox 899 2468 911 2503; x_wconf 90' lang='lat'><strong>,</strong></span> <span class='ocrx_word' id='word_1_123' title='bbox 934 2441 1036 2507; x_wconf 85' lang='lat' dir='ltr'>usque</span> <span class='ocrx_word' id='word_1_124' title='bbox 1049 2423 1091 2488; x_wconf 88' lang='lat' dir='ltr'>ad</span> <span class='ocrx_word' id='word_1_125' title='bbox 1104 2422 1215 2507; x_wconf 51' lang='lat' dir='ltr'>saecu,-⁸</span> 
     </span>
     <span class='ocr_line' id='line_1_19' title="bbox 221 2501 1216 2602; baseline 0.002 -31"><span class='ocrx_word' id='word_1_126' title='bbox 221 2507 224 2514; x_wconf 89' lang='lat'>&#39;</span> <span class='ocrx_word' id='word_1_127' title='bbox 282 2505 351 2571; x_wconf 92' lang='lat' dir='ltr'>lum</span> <span class='ocrx_word' id='word_1_128' title='bbox 367 2506 539 2586; x_wconf 61' lang='lat' dir='ltr'>octavum,</span> <span class='ocrx_word' id='word_1_129' title='bbox 584 2524 632 2575; x_wconf 90' lang='lat' dir='ltr'>uo</span> <span class='ocrx_word' id='word_1_130' title='bbox 645 2503 783 2570; x_wconf 88' lang='lat' dir='ltr'>Carolus</span> <span class='ocrx_word' id='word_1_131' title='bbox 807 2501 991 2602; x_wconf 77' lang='lat' dir='ltr'>Imperator</span> <span class='ocrx_word' id='word_1_132' title='bbox 1005 2506 1036 2571; x_wconf 72' lang='grc' dir='ltr'><strong>ἃ</strong></span> <span class='ocrx_word' id='word_1_133' title='bbox 1050 2505 1216 2589; x_wconf 79' lang='lat' dir='ltr'>Alcuinus</span> 
     </span>
     <span class='ocr_line' id='line_1_20' title="bbox 209 2585 1214 2683; baseline 0.002 -30"><span class='ocrx_word' id='word_1_134' title='bbox 209 2585 409 2671; x_wconf 88' lang='lat' dir='ltr'>floruerunt,</span> <span class='ocrx_word' id='word_1_135' title='bbox 433 2608 502 2659; x_wconf 91' lang='lat' dir='ltr'>non</span> <span class='ocrx_word' id='word_1_136' title='bbox 524 2606 576 2653; x_wconf 86' lang='lat' dir='ltr'>om</span> <span class='ocrx_word' id='word_1_137' title='bbox 597 2587 694 2672; x_wconf 73' lang='lat' dir='ltr'>,igunt</span> <span class='ocrx_word' id='word_1_138' title='bbox 715 2585 757 2650; x_wconf 91' lang='lat' dir='ltr'>de</span> <span class='ocrx_word' id='word_1_139' title='bbox 779 2604 928 2656; x_wconf 90' lang='lat' dir='ltr'>nomme.</span> <span class='ocrx_word' id='word_1_140' title='bbox 968 2585 1043 2655; x_wconf 83' lang='lat' dir='ltr'>Hos</span> <span class='ocrx_word' id='word_1_141' title='bbox 1061 2586 1084 2655; x_wconf 90' lang='lat' dir='ltr'>si</span> <span class='ocrx_word' id='word_1_142' title='bbox 1105 2585 1214 2683; x_wconf 81' lang='lat' dir='ltr'>sequi·</span> 
     </span>
     <span class='ocr_line' id='line_1_21' title="bbox 210 2668 1213 2758; baseline -0.002 -20"><span class='ocrx_word' id='word_1_143' title='bbox 210 2689 304 2752; x_wconf 85' lang='lat' dir='ltr'>mur,</span> <span class='ocrx_word' id='word_1_144' title='bbox 326 2682 410 2758; x_wconf 87' lang='lat' dir='ltr'>quos</span> <span class='ocrx_word' id='word_1_145' title='bbox 432 2670 508 2740; x_wconf 87' lang='lat' dir='ltr'>sane</span> <span class='ocrx_word' id='word_1_146' title='bbox 528 2669 617 2755; x_wconf 90' lang='lat' dir='ltr'>sequi</span> <span class='ocrx_word' id='word_1_147' title='bbox 643 2670 825 2752; x_wconf 90' lang='lat' dir='ltr'>convenit,</span> <span class='ocrx_word' id='word_1_148' title='bbox 849 2672 932 2739; x_wconf 91' lang='lat' dir='ltr'>nibil</span> <span class='ocrx_word' id='word_1_149' title='bbox 956 2668 1083 2737; x_wconf 84' lang='lat' dir='ltr'>obscuri</span> <span class='ocrx_word' id='word_1_150' title='bbox 1126 2671 1213 2736; x_wconf 89' lang='lat' dir='ltr'>nrbil</span> 
     </span>
     <span class='ocr_line' id='line_1_22' title="bbox 211 2718 1213 2842; baseline 0.002 -24"><span class='ocrx_word' id='word_1_151' title='bbox 211 2754 323 2836; x_wconf 83' lang='lat' dir='ltr'>dubii,</span> <span class='ocrx_word' id='word_1_152' title='bbox 347 2755 431 2822; x_wconf 88' lang='lat' dir='ltr'>nibil</span> <span class='ocrx_word' id='word_1_153' title='bbox 456 2773 568 2820; x_wconf 92' lang='lat' dir='ltr'>morae</span> <span class='ocrx_word' id='word_1_154' title='bbox 586 2754 765 2837; x_wconf 86' lang='lat' dir='ltr'>objicitur,</span> <span class='ocrx_word' id='word_1_155' title='bbox 788 2773 854 2837; x_wconf 90' lang='lat' dir='ltr'>quo</span> <span class='ocrx_word' id='word_1_156' title='bbox 871 2755 978 2823; x_wconf 91' lang='lat' dir='ltr'>minus</span> <span class='ocrx_word' id='word_1_157' title='bbox 991 2772 1065 2820; x_wconf 89' lang='lat' dir='ltr'>eum</span> <span class='ocrx_word' id='word_1_158' title='bbox 1078 2718 1213 2842; x_wconf 49' lang='lat' dir='ltr'>bione·</span> 
     </span>
     <span class='ocr_line' id='line_1_23' title="bbox 211 2836 1219 2987; baseline -0.001 -80"><span class='ocrx_word' id='word_1_159' title='bbox 211 2836 292 2907; x_wconf 89' lang='lat' dir='ltr'>fium</span> <span class='ocrx_word' id='word_1_160' title='bbox 317 2837 482 2906; x_wconf 86' lang='lat' dir='ltr'>Catonern</span> <span class='ocrx_word' id='word_1_161' title='bbox 505 2838 721 2924; x_wconf 89' lang='lat' dir='ltr'>appellemus.</span> <span class='ocrx_word' id='word_1_162' title='bbox 770 2836 838 2987; x_wconf 70' lang='grc' dir='ltr'>(ἐυί</span> <span class='ocrx_word' id='word_1_163' title='bbox 863 2857 944 2905; x_wconf 88' lang='lat' dir='ltr'>vero</span> <span class='ocrx_word' id='word_1_164' title='bbox 974 2836 1113 2905; x_wconf 79' lang='lat' dir='ltr'>insecuti</span> <span class='ocrx_word' id='word_1_165' title='bbox 1139 2836 1219 2907; x_wconf 83' lang='lat' dir='ltr'>sunt</span> 
     </span>
     <span class='ocr_line' id='line_1_24' title="bbox 177 2921 1220 3008; baseline 0.005 -21"><span class='ocrx_word' id='word_1_166' title='bbox 177 2966 181 2972; x_wconf 44' lang='lat'><em>1</em></span> <span class='ocrx_word' id='word_1_167' title='bbox 211 2922 417 3008; x_wconf 86' lang='lat' dir='ltr'>Scriptores,</span> <span class='ocrx_word' id='word_1_168' title='bbox 442 2941 557 2989; x_wconf 90' lang='lat' dir='ltr'>corum</span> <span class='ocrx_word' id='word_1_169' title='bbox 583 2922 718 3006; x_wconf 88' lang='lat' dir='ltr'>plurimi</span> <span class='ocrx_word' id='word_1_170' title='bbox 743 2939 786 2986; x_wconf 91' lang='lat' dir='ltr'>eo</span> <span class='ocrx_word' id='word_1_171' title='bbox 811 2940 864 2987; x_wconf 92' lang='lat' dir='ltr'>em</span> <span class='ocrx_word' id='word_1_172' title='bbox 881 2921 976 2990; x_wconf 89' lang='lat' dir='ltr'>illum</span> <span class='ocrx_word' id='word_1_173' title='bbox 993 2922 1220 2992; x_wconf 84' lang='lat' dir='ltr'>nominemli·</span> 
     </span>
     <span class='ocr_line' id='line_1_25' title="bbox 206 3004 1222 3087; baseline 0.003 -16"><span class='ocrx_word' id='word_1_174' title='bbox 206 3040 210 3049; x_wconf 92' lang='lat'>·</span> <span class='ocrx_word' id='word_1_175' title='bbox 236 3005 512 3087; x_wconf 88' lang='lat' dir='ltr'>niunt,nonnulli</span> <span class='ocrx_word' id='word_1_176' title='bbox 526 3024 608 3069; x_wconf 88' lang='lat' dir='ltr'>vero</span> <span class='ocrx_word' id='word_1_177' title='bbox 626 3005 715 3071; x_wconf 91' lang='lat' dir='ltr'>aliud</span> <span class='ocrx_word' id='word_1_178' title='bbox 726 3006 841 3072; x_wconf 87' lang='lat' dir='ltr'>turbae</span> <span class='ocrx_word' id='word_1_179' title='bbox 850 3004 1025 3074; x_wconf 73' lang='lat' dir='ltr'>dederunt</span> <span class='ocrx_word' id='word_1_180' title='bbox 1046 3004 1222 3081; x_wconf 79' lang='lat' dir='ltr'>Verecun-</span> 
     </span>
     <span class='ocr_line' id='line_1_26' title="bbox 212 3024 1220 3175; baseline 0.001 -21"><span class='ocrx_word' id='word_1_181' title='bbox 212 3024 288 3156; x_wconf 56' lang='grc' dir='ltr'>ἕως</span> <span class='ocrx_word' id='word_1_182' title='bbox 312 3090 399 3155; x_wconf 92' lang='lat' dir='ltr'>inter</span> <span class='ocrx_word' id='word_1_183' title='bbox 422 3090 483 3156; x_wconf 88' lang='lat' dir='ltr'>hos</span> <span class='ocrx_word' id='word_1_184' title='bbox 504 3089 631 3173; x_wconf 87' lang='lat' dir='ltr'>priores</span> <span class='ocrx_word' id='word_1_185' title='bbox 653 3090 691 3156; x_wconf 73' lang='lat' dir='ltr'>bt·</span> <span class='ocrx_word' id='word_1_186' title='bbox 708 3088 893 3157; x_wconf 81' lang='lat' dir='ltr'>dottiores:</span> <span class='ocrx_word' id='word_1_187' title='bbox 916 3086 1116 3175; x_wconf 79' lang='lat' dir='ltr'>posteriores</span> <span class='ocrx_word' id='word_1_188' title='bbox 1131 3109 1220 3169; x_wconf 81' lang='lat' dir='ltr'>vero</span> 
     </span>
     <span class='ocr_line' id='line_1_27' title="bbox 211 3172 1222 3259; baseline 0.001 -20"><span class='ocrx_word' id='word_1_189' title='bbox 211 3172 447 3256; x_wconf 82' lang='lat' dir='ltr'>inpudentius3</span> <span class='ocrx_word' id='word_1_190' title='bbox 470 3173 501 3238; x_wconf 91' lang='lat'>&amp;</span> <span class='ocrx_word' id='word_1_191' title='bbox 517 3188 640 3257; x_wconf 84' lang='lat' dir='ltr'>quanto</span> <span class='ocrx_word' id='word_1_192' title='bbox 656 3172 889 3259; x_wconf 85' lang='lat' dir='ltr'>inperitiores,</span> <span class='ocrx_word' id='word_1_193' title='bbox 906 3187 999 3240; x_wconf 86' lang='lat' dir='ltr'>tanto</span> <span class='ocrx_word' id='word_1_194' title='bbox 1015 3172 1222 3259; x_wconf 86' lang='lat' dir='ltr'>inpetuosius</span> 
     </span>
     <span class='ocr_line' id='line_1_28' title="bbox 213 3254 1218 3340; baseline 0.002 -19"><span class='ocrx_word' id='word_1_195' title='bbox 213 3255 245 3321; x_wconf 79' lang='lat' dir='ltr'>bt</span> <span class='ocrx_word' id='word_1_196' title='bbox 260 3255 453 3321; x_wconf 87' lang='lat' dir='ltr'>violentius.</span> <span class='ocrx_word' id='word_1_197' title='bbox 496 3254 586 3321; x_wconf 87' lang='lat' dir='ltr'>Inter</span> <span class='ocrx_word' id='word_1_198' title='bbox 610 3255 686 3322; x_wconf 91' lang='lat' dir='ltr'>illos</span> <span class='ocrx_word' id='word_1_199' title='bbox 709 3255 834 3339; x_wconf 87' lang='lat' dir='ltr'>primus</span> <span class='ocrx_word' id='word_1_200' title='bbox 851 3255 898 3323; x_wconf 89' lang='lat' dir='ltr'>est</span> <span class='ocrx_word' id='word_1_201' title='bbox 913 3256 1054 3340; x_wconf 78' lang='lat' dir='ltr'>loannes</span> <span class='ocrx_word' id='word_1_202' title='bbox 1067 3256 1218 3325; x_wconf 81' lang='lat' dir='ltr'>sarisbe-</span> 
     </span>
     <span class='ocr_line' id='line_1_29' title="bbox 213 3336 1220 3425; baseline 0.004 -24"><span class='ocrx_word' id='word_1_203' title='bbox 213 3336 343 3418; x_wconf 87' lang='lat' dir='ltr'>riensis,</span> <span class='ocrx_word' id='word_1_204' title='bbox 361 3340 415 3423; x_wconf 90' lang='lat' dir='ltr'>qui</span> <span class='ocrx_word' id='word_1_205' title='bbox 432 3336 661 3405; x_wconf 87' lang='lat' dir='ltr'>inclaruit-sub</span> <span class='ocrx_word' id='word_1_206' title='bbox 679 3336 705 3402; x_wconf 86' lang='lat' dir='ltr'>F</span> <span class='ocrx_word' id='word_1_207' title='bbox 706 3338 850 3406; x_wconf 87' lang='lat' dir='ltr'>riderico</span> <span class='ocrx_word' id='word_1_208' title='bbox 868 3340 1069 3425; x_wconf 87' lang='lat' dir='ltr'>Imperatore</span> <span class='ocrx_word' id='word_1_209' title='bbox 1082 3339 1220 3424; x_wconf 89' lang='lat' dir='ltr'>primo,</span> 
     </span>
     <span class='ocr_line' id='line_1_30' title="bbox 206 3417 1222 3506; baseline 0.001 -17"><span class='ocrx_word' id='word_1_210' title='bbox 206 3428 252 3489; x_wconf 75' lang='lat' dir='ltr'>ait</span> <span class='ocrx_word' id='word_1_211' title='bbox 273 3417 386 3489; x_wconf 85' lang='lat' dir='ltr'>scribit</span> <span class='ocrx_word' id='word_1_212' title='bbox 408 3422 551 3505; x_wconf 74' lang='lat' dir='ltr'>loannes</span> <span class='ocrx_word' id='word_1_213' title='bbox 568 3420 785 3488; x_wconf 85' lang='lat' dir='ltr'>Tritbemius.</span> <span class='ocrx_word' id='word_1_214' title='bbox 816 3422 959 3506; x_wconf 84' lang='lat' dir='ltr'>Joannes</span> <span class='ocrx_word' id='word_1_215' title='bbox 973 3422 1031 3489; x_wconf 85' lang='lat' dir='ltr'>ille</span> <span class='ocrx_word' id='word_1_216' title='bbox 1046 3422 1222 3490; x_wconf 57' lang='lat' dir='ltr'>in&#39;multis‘</span> 
     </span>
     <span class='ocr_line' id='line_1_31' title="bbox 213 3496 1222 3591; baseline 0.004 -23"><span class='ocrx_word' id='word_1_217' title='bbox 213 3496 301 3570; x_wconf 89' lang='lat' dir='ltr'>locis</span> <span class='ocrx_word' id='word_1_218' title='bbox 316 3503 425 3571; x_wconf 86' lang='lat' dir='ltr'>versus</span> <span class='ocrx_word' id='word_1_219' title='bbox 443 3506 579 3572; x_wconf 84' lang='lat' dir='ltr'>Catonis</span> <span class='ocrx_word' id='word_1_220' title='bbox 591 3501 692 3570; x_wconf 90' lang='lat' dir='ltr'>nostri</span> <span class='ocrx_word' id='word_1_221' title='bbox 708 3501 840 3591; x_wconf 89' lang='lat' dir='ltr'>scriptis</span> <span class='ocrx_word' id='word_1_222' title='bbox 857 3504 921 3574; x_wconf 90' lang='lat' dir='ltr'>suis</span> <span class='ocrx_word' id='word_1_223' title='bbox 938 3507 980 3578; x_wconf 82' lang='lat' dir='ltr'>de</span> <span class='ocrx_word' id='word_1_224' title='bbox 993 3505 1087 3591; x_wconf 82' lang='lat' dir='ltr'>nugis</span> <span class='ocrx_word' id='word_1_225' title='bbox 1102 3503 1222 3589; x_wconf 50' lang='lat' dir='ltr'>Curia&lt;</span> 
     </span>
     <span class='ocr_line' id='line_1_32' title="bbox 214 3587 1222 3669; baseline 0.005 -17"><span class='ocrx_word' id='word_1_226' title='bbox 214 3588 294 3652; x_wconf 92' lang='lat' dir='ltr'>lium</span> <span class='ocrx_word' id='word_1_227' title='bbox 311 3587 464 3669; x_wconf 82' lang='lat' dir='ltr'>inseruit,</span> <span class='ocrx_word' id='word_1_228' title='bbox 489 3608 604 3655; x_wconf 90' lang='lat' dir='ltr'>verum</span> <span class='ocrx_word' id='word_1_229' title='bbox 618 3587 668 3653; x_wconf 91' lang='lat' dir='ltr'>bis</span> <span class='ocrx_word' id='word_1_230' title='bbox 686 3602 813 3655; x_wconf 91' lang='lat' dir='ltr'>tantum</span> <span class='ocrx_word' id='word_1_231' title='bbox 830 3589 982 3658; x_wconf 77' lang='lat' dir='ltr'>Austoris</span> <span class='ocrx_word' id='word_1_232' title='bbox 998 3589 1170 3657; x_wconf 89' lang='lat' dir='ltr'>meminit·</span> <span class='ocrx_word' id='word_1_233' title='bbox 1183 3605 1222 3657; x_wconf 93' lang='lat' dir='ltr'>ut</span> 
     </span>
     <span class='ocr_line' id='line_1_33' title="bbox 213 3638 1222 3760; baseline 0.005 -24"><span class='ocrx_word' id='word_1_234' title='bbox 213 3669 300 3737; x_wconf 88' lang='lat' dir='ltr'>solet</span> <span class='ocrx_word' id='word_1_235' title='bbox 323 3673 349 3737; x_wconf 92' lang='lat' dir='ltr'>is</span> <span class='ocrx_word' id='word_1_236' title='bbox 360 3673 544 3738; x_wconf 67' lang='lat' dir='ltr'>Poetarum</span> <span class='ocrx_word' id='word_1_237' title='bbox 561 3672 695 3739; x_wconf 88' lang='lat' dir='ltr'>nomina</span> <span class='ocrx_word' id='word_1_238' title='bbox 712 3674 891 3752; x_wconf 88' lang='lat' dir='ltr'>omittere,</span> <span class='ocrx_word' id='word_1_239' title='bbox 916 3692 1056 3760; x_wconf 89' lang='lat' dir='ltr'>quorum</span> <span class='ocrx_word' id='word_1_240' title='bbox 1073 3638 1222 3742; x_wconf 65' lang='lat' dir='ltr'>verbisne</span> 
     </span>
     <span class='ocr_line' id='line_1_34' title="bbox 213 3754 1221 3853; baseline 0.008 -34"><span class='ocrx_word' id='word_1_241' title='bbox 213 3755 327 3821; x_wconf 87' lang='lat' dir='ltr'>utitur.</span> <span class='ocrx_word' id='word_1_242' title='bbox 352 3755 461 3823; x_wconf 88' lang='lat' dir='ltr'>Semel</span> <span class='ocrx_word' id='word_1_243' title='bbox 477 3775 552 3821; x_wconf 91' lang='lat' dir='ltr'>cum</span> <span class='ocrx_word' id='word_1_244' title='bbox 571 3755 764 3840; x_wconf 80' lang='lat' dir='ltr'>simpliciter</span> <span class='ocrx_word' id='word_1_245' title='bbox 780 3754 945 3834; x_wconf 87' lang='lat' dir='ltr'>Catonem</span> <span class='ocrx_word' id='word_1_246' title='bbox 958 3757 1221 3853; x_wconf 68' lang='lat' dir='ltr'>nominat,vide.</span> 
     </span>
     <span class='ocr_line' id='line_1_35' title="bbox 212 3836 1079 3924; baseline 0.005 -21"><span class='ocrx_word' id='word_1_247' title='bbox 212 3836 350 3905; x_wconf 89' lang='lat' dir='ltr'>Librum</span> <span class='ocrx_word' id='word_1_248' title='bbox 366 3859 404 3905; x_wconf 87' lang='lat'>11.</span> <span class='ocrx_word' id='word_1_249' title='bbox 430 3838 513 3924; x_wconf 89' lang='lat' dir='ltr'>Cap.</span> <span class='ocrx_word' id='word_1_250' title='bbox 531 3859 638 3905; x_wconf 82' lang='lat' dir='ltr'>xrvrr.</span> <span class='ocrx_word' id='word_1_251' title='bbox 656 3839 702 3906; x_wconf 89' lang='lat' dir='ltr'>ita</span> <span class='ocrx_word' id='word_1_252' title='bbox 718 3854 828 3908; x_wconf 86' lang='lat' dir='ltr'>autem</span> <span class='ocrx_word' id='word_1_253' title='bbox 845 3841 879 3907; x_wconf 89' lang='lat' dir='ltr'>in</span> <span class='ocrx_word' id='word_1_254' title='bbox 895 3841 962 3908; x_wconf 92' lang='lat' dir='ltr'>hoc</span> <span class='ocrx_word' id='word_1_255' title='bbox 978 3843 1079 3922; x_wconf 88' lang='lat' dir='ltr'>loco,</span> 
     </span>
     <span class='ocr_line' id='line_1_36' title="bbox 294 3921 1110 4010; baseline 0.007 -25"><span class='ocrx_word' id='word_1_256' title='bbox 294 3921 413 4007; x_wconf 83' lang='lat' dir='ltr'>Linque</span> <span class='ocrx_word' id='word_1_257' title='bbox 428 3942 539 3986; x_wconf 84' lang='lat' dir='ltr'>arcuna</span> <span class='ocrx_word' id='word_1_258' title='bbox 553 3923 616 3987; x_wconf 84' lang='lat' dir='ltr'>Dei</span> <span class='ocrx_word' id='word_1_259' title='bbox 631 3925 795 4007; x_wconf 86' lang='lat' dir='ltr'>coelumque</span> <span class='ocrx_word' id='word_1_260' title='bbox 809 3925 959 4010; x_wconf 78' lang='lat' dir='ltr'>inquirere</span> <span class='ocrx_word' id='word_1_261' title='bbox 976 3921 1110 4009; x_wconf 74' lang='lat' dir='ltr'>quidfit.</span> 
     </span>
    </p>

    <p class='ocr_par' dir='ltr' id='par_1_7' title="bbox 201 4005 1223 4347">
     <span class='ocr_line' id='line_1_37' title="bbox 213 4005 1221 4093; baseline 0.005 -23"><span class='ocrx_word' id='word_1_262' title='bbox 213 4007 258 4070; x_wconf 82' lang='lat' dir='ltr'>oie</span> <span class='ocrx_word' id='word_1_263' title='bbox 277 4007 360 4073; x_wconf 85' lang='lat' dir='ltr'>Coto.</span> <span class='ocrx_word' id='word_1_264' title='bbox 392 4005 479 4086; x_wconf 90' lang='lat' dir='ltr'>Hic,</span> <span class='ocrx_word' id='word_1_265' title='bbox 506 4021 541 4071; x_wconf 91' lang='lat' dir='ltr'>ut</span> <span class='ocrx_word' id='word_1_266' title='bbox 555 4007 671 4087; x_wconf 89' lang='lat' dir='ltr'>vides,</span> <span class='ocrx_word' id='word_1_267' title='bbox 689 4006 774 4073; x_wconf 90' lang='lat' dir='ltr'>nihil</span> <span class='ocrx_word' id='word_1_268' title='bbox 791 4006 944 4075; x_wconf 89' lang='lat' dir='ltr'>dubitans</span> <span class='ocrx_word' id='word_1_269' title='bbox 960 4020 1036 4075; x_wconf 89' lang='lat' dir='ltr'>cum</span> <span class='ocrx_word' id='word_1_270' title='bbox 1055 4005 1221 4093; x_wconf 81' lang='lat' dir='ltr'>Catonem</span> 
     </span>
     <span class='ocr_line' id='line_1_38' title="bbox 215 4086 1218 4176; baseline 0.006 -24"><span class='ocrx_word' id='word_1_271' title='bbox 215 4086 311 4152; x_wconf 91' lang='lat' dir='ltr'>dicit.</span> <span class='ocrx_word' id='word_1_272' title='bbox 350 4089 474 4154; x_wconf 91' lang='lat' dir='ltr'>Verum</span> <span class='ocrx_word' id='word_1_273' title='bbox 492 4090 609 4157; x_wconf 86' lang='lat' dir='ltr'>iterum</span> <span class='ocrx_word' id='word_1_274' title='bbox 627 4110 703 4158; x_wconf 92' lang='lat' dir='ltr'>cum</span> <span class='ocrx_word' id='word_1_275' title='bbox 718 4092 869 4157; x_wconf 89' lang='lat' dir='ltr'>meminit</span> <span class='ocrx_word' id='word_1_276' title='bbox 884 4090 961 4159; x_wconf 91' lang='lat' dir='ltr'>Lib.</span> <span class='ocrx_word' id='word_1_277' title='bbox 978 4110 1038 4159; x_wconf 84' lang='lat' dir='ltr'>vn.</span> <span class='ocrx_word' id='word_1_278' title='bbox 1060 4090 1145 4176; x_wconf 88' lang='lat' dir='ltr'>Cap.</span> <span class='ocrx_word' id='word_1_279' title='bbox 1163 4110 1218 4159; x_wconf 90' lang='grc' dir='ltr'><strong>ιιι.</strong></span> 
     </span>
     <span class='ocr_line' id='line_1_39' title="bbox 201 4168 1221 4261; baseline 0.009 -27"><span class='ocrx_word' id='word_1_280' title='bbox 201 4168 336 4236; x_wconf 83' lang='lat' dir='ltr'>codem</span> <span class='ocrx_word' id='word_1_281' title='bbox 359 4171 491 4254; x_wconf 87' lang='lat' dir='ltr'>quidem</span> <span class='ocrx_word' id='word_1_282' title='bbox 514 4175 649 4241; x_wconf 91' lang='lat' dir='ltr'>nomine</span> <span class='ocrx_word' id='word_1_283' title='bbox 665 4192 741 4241; x_wconf 89' lang='lat' dir='ltr'>eum</span> <span class='ocrx_word' id='word_1_284' title='bbox 756 4190 877 4258; x_wconf 85' lang='lat' dir='ltr'>uocat,</span> <span class='ocrx_word' id='word_1_285' title='bbox 900 4173 958 4242; x_wconf 88' lang='lat' dir='ltr'>sed</span> <span class='ocrx_word' id='word_1_286' title='bbox 970 4193 1052 4261; x_wconf 86' lang='lat' dir='ltr'>mox</span> <span class='ocrx_word' id='word_1_287' title='bbox 1065 4173 1221 4259; x_wconf 85' lang='lat' dir='ltr'>subjicit,</span> 
     </span>
     <span class='ocr_line' id='line_1_40' title="bbox 214 4252 1223 4347; baseline 0.008 -26"><span class='ocrx_word' id='word_1_288' title='bbox 214 4252 393 4321; x_wconf 77' lang='lat' dir='ltr'>sluslorem</span> <span class='ocrx_word' id='word_1_289' title='bbox 407 4255 570 4325; x_wconf 88' lang='lat' dir='ltr'>incertum</span> <span class='ocrx_word' id='word_1_290' title='bbox 587 4257 664 4326; x_wconf 82' lang='lat' dir='ltr'>esse.</span> <span class='ocrx_word' id='word_1_291' title='bbox 706 4256 748 4326; x_wconf 85' lang='lat' dir='ltr'>In</span> <span class='ocrx_word' id='word_1_292' title='bbox 761 4255 856 4327; x_wconf 82' lang='lat' dir='ltr'>libello</span> <span class='ocrx_word' id='word_1_293' title='bbox 870 4276 1000 4347; x_wconf 83' lang='lat' dir='ltr'>queque,</span> <span class='ocrx_word' id='word_1_294' title='bbox 1015 4258 1223 4346; x_wconf 60' lang='lat' dir='ltr'>inquiner·</span> 
     </span>
    </p>
   </div>
   <div class='ocr_carea' id='block_1_6' title="bbox 98 4352 1222 4672">
    <p class='ocr_par' dir='ltr' id='par_1_8' title="bbox 98 4352 1222 4672">
     <span class='ocr_line' id='line_1_41' title="bbox 1144 4352 1222 4453; baseline 0 -24"><span class='ocrx_word' id='word_1_295' title='bbox 1144 4352 1222 4453; x_wconf 57' lang='lat' dir='ltr'>qur</span> 
     </span>
     <span class='ocr_line' id='line_1_42' title="bbox 98 4582 234 4672; baseline 0.007 -1"><span class='ocrx_word' id='word_1_296' title='bbox 98 4582 234 4672; x_wconf 69' lang='grc' dir='ltr'>,Α</span> 
     </span>
    </p>
   </div>
   <div class='ocr_carea' id='block_1_7' title="bbox 0 0 1323 4920">
    <p class='ocr_par' dir='ltr' id='par_1_9' title="bbox 0 0 1323 4920">
     <span class='ocr_line' id='line_1_43' title="bbox 0 0 1323 4920; baseline 0 0"><span class='ocrx_word' id='word_1_297' title='bbox 0 0 1323 4920; x_wconf 95' lang='lat' dir='ltr'> </span> 
     </span>
    </p>
   </div>
  </div>
 </body>
</html>
