2580 5076
148 632 222 707 570
271 606 304 705 J.
329 596 754 679 nmnaannnnr
777 566 1095 679 winnourr

146 761 253 823 incuria
267 755 479 833 typothetarum
496 763 629 828 cormpta
642 749 733 813 suill'e.
758 752 834 833 Quia
847 752 937 811 etiam
951 750 1107 815 Editionea
1118 758 1159 817 ali-

145 850 217 916 quot
231 837 337 894 babent
350 832 402 889 reli
413 843 458 898 tu,
476 830 543 889 hinc
556 832 650 906 primo
663 828 739 889 varia
752 829 783 889 in
797 842 927 889 mentem
943 832 1160 911 veniebantspe

145 914 220 975 eiosa
232 911 319 986 magis
334 925 419 985 quana
434 923 519 977 vera,
535 907 638 983 quibus
653 904 718 967 solia
731 906 759 965 in
774 904 868 965 iucem
883 907 1063 969 revocandis
1079 910 1159 971 stude·

147 1009 218 1061 mus.
244 990 331 1047 Nunc
351 984 444 1044 nullus
465 984 533 1043 inibl
547 982 634 1044 restat
648 980 809 1059 scrupulus,
828 984 903 1061 quin
920 984 962 1043 lta
977 1002 1049 1047 vere
1063 988 1158 1049 Aue'to

146 1085 207 1128 rem
221 1064 340 1124 arbitrer
354 1061 501 1140 scripuue:
616 1130 619 1135 ¹

287 1170 392 1246 Ereptis
401 1172 486 1245 opibus
498 1186 558 1231 non
572 1181 604 1230 tu
615 1182 646 1231 te
657 1168 753 1247 afflige
762 1166 911 1245 mordet

117 1312 121 1319 ,
289 1248 537 1327 negaueram,
555 1248 690 1323 uum
701 1246 946 1337 mergulum.

146 1359 230 1421 Nihil
250 1356 338 1418 sensui
352 1357 557 1493 opportunius,
576 1352 739 1415 &criticae
752 1354 1152 1451 regulisconvenientiusop

148 1438 201 1501 rari
213 1434 316 1515 potest.
344 1436 373 1494 D
386 1452 475 1495 ximus
489 1432 570 1511 supra
586 1430 703 1491 voculas
717 1443 747 1490 tu
758 1444 798 1500 te,
818 1434 870 1491 triu
883 1446 912 1490 te
924 1433 986 1494 dte.
1005 1436 1106 1495 nuum
1118 1456 1144 1496 tn

146 1512 256 1577 deliciis
275 1511 343 1573 elle.
368 1513 426 1571 Hic
443 1528 514 1570 vero
533 1512 603 1569 mira
626 1507 699 1569 inest
712 1508 860 1585 emphasis.
892 1510 926 1572 Si
941 1513 995 1573 alii
1008 1515 1157 1589 eripuerunt·

147 1590 201 1653 tibi
221 1607 308 1668 oper,
328 1600 359 1649 tu
377 1602 406 1649 te
428 1600 521 1648 umen
542 1586 631 1665 ipsum
643 1602 703 1646 non
716 1586 818 1662 afflige.
845 1587 888 1647 Et
903 1604 943 1649 ex
959 1586 1149 1668 mutilatoylige

146 1680 242 1733 ortum
256 1662 384 1741 ellflere,
401 1678 434 1725 ut
448 1663 529 1725 facile
541 1676 665 1742 apparet
692 1662 826 1739 Sequitur
840 1663 939 1727 statim
955 1667 1035 1729 Dlst.
1048 1686 1135 1730 mm

288 1750 336 1833 Est
343 1754 446 1833 laisum
456 1756 563 1833 gravit,
582 1772 655 1833 quae
668 1754 747 1823 sunt,
765 1754 884 1813 maittm
897 1754 1024 1819 damnis.

290 1832 357 1895 Sam
369 1833 508 1911 quaedam,
527 1830 666 1909 quaefem
678 1830 744 1889 decet
752 1832 896 1905 patienter,
910 1837 1018 1899 amice.

147 1932 244 1992 Locus
263 1929 391 1989 omnium
403 1926 577 1989 conscilione
592 1929 623 1987 in
637 1943 710 1987 voce
723 1927 804 1985 maie
816 1942 987 2007 corruptus.
1016 1932 1152 2009 Nusquam

147 2010 225 2069 enim
247 2006 283 2066 stc
304 2007 426 2087 aliquem
446 2008 567 2066 amicum
587 2004 750 2082 alloquitur.
779 2003 864 2063 Aliae
877 2006 1036 2077 Editionea
1049 2013 1152 2069 Veteres

147 2084 302 2145 alDaumio
316 2097 488 2145 memoratae
502 2084 609 2143 habent
623 2084 753 2150 eniam
772 2080 859 2157 idque
871 2082 901 2142 se
914 2084 946 2145 in
958 2100 1062 2147 vetere
1072 2088 1148 2149 Libro

145 2162 232 2222 etlam
252 2161 383 2239 reperisse
403 2163 441 2221 ait
460 2160 608 2228 barthius,
628 2158 657 2219 ld
715 2176 750 2217 ue
770 2170 876 2217 mutata
898 2160 1152 2224 distinetionecun·

145 2236 234 2297 nestit
252 2239 340 2297 verba
361 2238 462 2296 danari
480 2240 599 2296 mictum.
625 2236 705 2296 Nulli
727 2237 789 2294 rita
803 2237 915 2295 Auster
928 2239 995 2299 suos
1011 2242 1153 2301 verficulot

146 2312 223 2391 quast
238 2324 357 2372 truncat.
376 2316 405 2372 N
409 2332 441 2372 ec
455 2314 483 2372 id
493 2325 639 2389 praeterea
652 2315 691 2371 ita
706 2315 733 2389 in
751 2315 1034 2387 Gnomisconvenit,
1044 2336 1155 2394 acprae·

147 2404 224 2449 terea
242 2390 409 2449 insolentior
422 2390 626 2464 obscuriorque
643 2390 679 2448 stc
692 2388 819 2448 redditur
833 2390 930 2451 sensus.
956 2396 991 2451 ln
1005 2396 1154 2454 serit-eria-

145 2482 182 2525 na
203 2465 322 2541 quadam
343 2462 441 2523 ieelim
463 2463 564 2539 legitur
580 2468 692 2532 amicus,
709 2482 808 2524 errore
823 2470 1002 2543 typographi,
1024 2485 1057 2528 ut
1070 2489 1153 2542 reor,

145 2558 200 2620 pro
214 2545 315 2602 multu.
342 2542 435 2604 Posset
448 2544 561 2611 amem,
574 2542 595 2601 li
609 2542 688 2602 fimul
695 2542 771 2617 jubet
786 2563 841 2621 pro
852 2544 915 2602 deret
926 2544 1095 2614 adderetur,
1113 2549 1150 2607 le·

146 2624 187 2695 gi.
211 2621 250 2680 Et
270 2619 307 2680 stc
325 2617 476 2698 aliquando
497 2620 610 2698 placuit
637 2618 693 2680 Sed
715 2638 779 2679 cum
798 2624 878 2679 amne
895 2622 928 2681 sn
945 2623 975 2681 in
989 2623 1153 2700 plerisque,

145 2700 201 2757 alia
221 2698 355 2777 praesidia
373 2699 478 2773 requiri
496 2697 635 2759 existimo.
669 2699 733 2755 Nec
753 2700 783 2756 in
798 2698 979 2773 praecedenti
991 2703 1075 2761 versu
1088 2702 1153 2762 illud

144 2775 223 2836 nude
241 2779 280 2836 ita
297 2777 417 2852 posstutn
437 2774 569 2851 quat-luat
583 2772 729 2843 satisfacit,
747 2793 802 2850 pru
816 2792 880 2849 quae
890 2773 1006 2851 prffides.
1035 2782 1151 2839 Praeter·

146 2871 181 2913 ea
192 2856 309 2913 emittm
323 2855 369 2914 bic
381 2855 487 2931 placem
507 2851 553 2912 sed
570 2870 620 2911 cur
630 2854 743 2910 mttere
753 2853 853 2910 damae
866 2852 993 2915 dicitur?
1012 2857 1087 2917 Sane
1099 2874 1152 2916 vor

146 2933 246 2991 amu
257 2932 304 2990 hic
317 2932 408 2992 otiosa
421 2949 453 2989 ac
472 2933 566 3005 inepta
582 2929 638 2999 est,
652 2947 725 3005 quae
740 2930 824 2988 etiam
838 2932 868 2989 in
884 2933 968 2991 causa
982 2933 1042 3004 est,
1055 2948 1085 2995 ut
1097 2952 1151 2993 uer·

149 3010 192 3068 sus
211 3011 241 3070 bi
262 3008 320 3067 duo
343 3011 512 3067 inconcinne
530 3006 741 3082 disiungantur,
763 3007 865 3067 omisso
879 3025 968 3070 nexu.
1005 3013 1051 3072 En
1064 3014 1150 3072 omnia

146 3086 219 3145 mala
232 3085 346 3145 sublata.
371 3087 449 3160 Lege
464 3085 575 3145 secure:

288 3170 337 3250 Est
344 3174 451 3252 jadera
461 3179 570 3253 grauis,
591 3175 714 3253 quaesita
728 3179 844 3236 amittere
857 3184 1011 3255 quamvis,

287 3251 353 3310 Sunt
366 3253 488 3327 qrtaedam
501 3272 565 3328 quoe
572 3252 646 3331 ferre
657 3253 724 3311 decet
737 3258 880 3330 patienter,
902 3276 1012 3320 amara.

145 3352 189 3413 En
205 3367 307 3409 nexum
326 3349 404 3409 simul
422 3352 597 3428 elegantem,
618 3348 645 3409 it
663 3350 762 3427 stylum
776 3352 919 3411 Audieris.
934 3354 1002 3414 Lib.
1021 3372 1071 3418 111.
1085 3354 1152 3416 Diu.

145 3447 220 3491 xxu.
242 3427 321 3485 Utere
338 3425 465 3502 quaefitis.
486 3431 549 3489 Lib.
569 3431 627 3487 boc
641 3446 682 3487 iv.
701 3428 774 3487 Dist.
791 3446 857 3490 xvr.
880 3428 963 3487 Utere
978 3430 1153 3508 quaefitisqti·

145 3510 202 3569 bus.
220 3506 286 3565 Lib.
300 3524 321 3564 1.
336 3504 412 3565 Dist.
427 3523 508 3565 xxm.
527 3504 644 3582 quaefitr's
655 3518 724 3562 utere
734 3517 820 3579 parce.
841 3506 926 3565 udde
948 3509 1018 3571 Lib.
1036 3529 1072 3569 11.
1089 3509 1153 3570 Diu.

144 3600 219 3644 xvrt.
238 3584 390 3644 Horatium
407 3584 507 3643 iterum
522 3585 644 3645 imitatus
659 3581 715 3653 est,
735 3583 783 3658 qui
803 3584 867 3642 Lib.
889 3600 911 3642 1.
935 3586 997 3646 Sat.
1021 3605 1044 3647 1.
1068 3592 1101 3653 tl.
1114 3592 1154 3659 38.

148 3661 240 3720 Utitur
250 3672 307 3720 ante
320 3657 574 3751 Qmefitusspnars3
594 3660 622 3718 &
636 3661 702 3720 Lib.
719 3677 753 3750 n.
767 3659 824 3748 Sat.
843 3677 883 3717 vt.
901 3662 936 3724 ui.
954 3666 1003 3723 82.
1026 3662 1110 3743 Asper
1122 3660 1156 3735 ὅ)

145 3751 258 3798 atteratur
268 3749 397 3817 quaejrtas.
429 3736 526 3796 Tanto
541 3751 636 3799 autem
649 3754 761 3814 grauior
775 3738 899 3807 pastura,
923 3752 1038 3813 quanto
1053 3742 1153 3817 magis.

144 3834 217 3895 ‘tt
231 3812 1035 3970 ululaturusinitiantibus}t·
1044 3836 1155 3955 teu

139 3895 418 4049 ffieuffrtcljlrdgyerrpuod
430 3970 512 4046 plane
522 3911 704 4047 ineztumest.
724 3916 1155 4045 s'equituriuidlnst'nlmxmn.

286 4080 357 4139 Ture
371 4081 458 4139 Deum
468 4084 562 4154 placo:
581 4080 700 4141 vitulum
709 4078 766 4155 stne
778 4077 873 4155 crescat
885 4093 989 4141 aratro:

283 4159 388 4218 Placari
399 4177 434 4217 ne
448 4158 531 4219 crede
544 4160 660 4229 Deum,
680 4176 757 4232 quum
772 4160 847 4217 caede
861 4161 963 4219 litatur.
1104 4238 1141 4300 H·

1135 4249 1157 4295 li
