2596 4920
269 398 947 478 rsPRAEFATlONES.
1022 424 1141 477 xxxvii

149 549 212 616 bus
253 548 436 637 nihil,vel
458 549 546 616 aliud
572 549 725 636 agendo,
755 551 948 638 'consumpta
970 551 1042 620 sere
1066 551 1160 619 suit·

150 593 327 718 Polfquam
350 654 433 702 vero
457 633 649 702 Celsissrmus
667 633 763 700 heros
779 637 899 702 Parens
915 635 1022 703 vester
1037 656 1077 702 ea
1089 654 1145 701 me
1193 715 1196 718 .

151 716 332 785 clementia
343 765 356 801 ,
385 738 426 784 eo
443 717 581 798 favore,
605 715 726 801 dequo
741 736 840 784 nemo
855 738 990 801 eorum,
1013 721 1068 806 qui
1089 737 1145 784 me

151 816 337 884 noverunt,
353 802 497 883 dubitat,
514 797 667 887 prosequi
682 800 810 882 voluit,
826 802 914 869 bona
929 803 1060 870 tandem
1077 802 1150 869 fide*

150 880 183 948 dt
200 883 286 949 adeo
306 886 436 971 quidem
458 883 571 950 Musas
584 880 740 968 amplecti
755 878 868 950 solitus
883 883 951 952 sum
961 935 973 969 ,
994 901 1030 952 ut
1044 903 1145 952 omne

151 965 236 1032 mihi
257 985 389 1054 tempus
402 966 492 1055 quod
516 967 620 1034 literis
641 965 768 1051 periit,
798 968 924 1051 periisse
947 966 1144 1036 existimem.

152 1046 223 1115 Alii
244 1052 412 1136 quomodo
434 1048 592 1138 pundtum
608 1048 673 1115 hoc
693 1048 788 1127 aevi,
810 1051 899 1134 quod
913 1054 1016 1120 vitam
1036 1051 1151 1119 nomi-1

150 1148 283 1216 namus,
307 1136 483 1222 transigant
496 1131 658 1214 suaviter,
681 1131 875 1208 &inducias
888 1155 964 1210 cum
978 1135 1145 1208 laboribus

148 1215 212 1283 suis
229 1215 456 1301 paciscantur,
472 1217 532 1303 ipsi
546 1215 707 1281 viderint:
730 1211 804 1296 Ego
819 1221 1067 1286 condimentum
1081 1217 1144 1284 stu·

147 1300 281 1367 diorum
310 1300 440 1367 dulcius
469 1320 539 1367 non
560 1298 675 1375 inveni
698 1295 881 1392 hasiensis,
906 1319 1002 1383 quam
1026 1301 1141 1366 studia.

149 1384 304 1481 Quorum
325 1385 514 1449 libertatern
531 1401 571 1447 ac
590 1381 696 1447 otium
720 1393 768 1444 utr
784 1378 872 1444 Patri
888 1379 997 1444 vestro
1015 1380 1076 1446 soli
1092 1401 1145 1447 ac·

149 1482 283 1552 ceptam
306 1465 412 1546 fero,
435 1464 626 1611 feramque,
649 1481 711 1529 ceu
732 1460 890 1541 confido,
912 1462 1056 1529 diutius:
1078 1463 1147 1542 ita,

147 1551 316 1629 rationem
331 1548 402 1629 eius
415 1549 471 1619 cui
485 1547 543 1612 red
568 1566 637 1626 am,
654 1545 819 1616 neminem
835 1561 1029 1631 quemquam
1047 1544 1150 1611 alium

148 1630 262 1708 habeo
277 1638 411 1726 praeter
426 1630 435 1693 i
462 1627 540 1694 sum.
571 1627 720 1694 Libellos
733 1642 842 1693 tamen
860 1628 940 1708 hos,
963 1629 1054 1694 omni
1070 1628 1152 1696 licet

150 1710 313 1796 sapientia
330 1710 429 1777 instru
466 1711 601 1792 simos,
624 1709 739 1776 frustra
754 1711 802 1775 illi
820 1709 987 1791 dederim3
1015 1728 1052 1778 ut
1063 1730 1147 1796 quos

152 1796 303 1881 apueris
324 1794 382 1859 ille
405 1796 534 1878 optimo
553 1789 704 1941 sepuutus
728 1790 776 1857 est
791 1793 940 1860 imitandi
959 1814 1080 1878 genere
1096 1797 1147 1862 vi·

151 1879 275 1944 vendo.
313 1877 459 1943 Proximi
483 1894 585 1942 vose
614 1876 661 1956 is,
685 1892 895 1961 paternarum
909 1877 1069 1944 virtutum
1084 1898 1144 1945 ex·

148 1962 244 2048 pressi
259 1960 438 2041 haeredes,
461 1961 580 2046 quique
595 1958 733 2044 passibus
746 1960 778 2024 io
796 1958 853 2026 ista
869 1976 976 2026 aetate
992 1981 1060 2028 non
1077 1963 1146 2030 exi·

149 2045 222 2131 guis
235 2044 394 2112 AEneam
406 2044 494 2109 hunc
507 2042 650 2110 vestrum
666 2041 792 2107 referre
808 2044 986 2110 conamini.
1010 2043 1146 2139 Quanto

150 2147 204 2195 me
227 2128 356 2194 laetitia
377 2128 543 2212 utriusque
562 2124 705 2191 vestrum
725 2126 759 2190 in
779 2126 892 2193 literas
905 2127 1020 2208 ardor,
1044 2129 1076 2195 dt
1092 2127 1144 2194 fa·

149 2211 223 2278 talis
250 2208 422 2279 Dohnano
453 2210 567 2295 generi
597 2210 694 2357 vifior
725 2227 764 2272 ac
789 2210 943 2276 docilitas
966 2212 1145 2292 extulerit,
1202 2281 1204 2284 ,

146 2313 247 2380 quum
269 2294 312 2360 de
335 2294 565 2361 incolumitate
587 2311 629 2358 ve
658 2310 692 2356 ra
708 2290 854 2378 statuque
875 2289 1071 2360 sciscitatum
1088 2315 1147 2361 nu·

147 2396 211 2527 per
232 2375 384 2444 Caliliam
407 2377 449 2443 ad
470 2394 532 2442 vos
555 2376 731 2456 mitterer,
783 2395 920 2462 uamque
934 2378 1146 2462 voluptatem

177 2477 305 2528 arentes
321 2462 399 2528 inde
415 2457 515 2525 vestri
531 2458 761 2544 perceperint,
800 2460 864 2524 aud
880 2457 1143 2529 faciledixerim.

149 2542 191 2610 ln
210 2541 301 2691 spem
320 2559 411 2610 certe
434 2543 609 2609 maximam
630 2541 842 2622 adducimur,
863 2561 988 2609 novum
1034 2543 1145 2612 osthac

150 2643 213 2690 vos
242 2643 339 2690 umen
354 2627 461 2690 avitae
477 2625 591 2691 domui
607 2623 754 2706 vestrae,
770 2644 878 2692 novos
888 2565 1144 2711 triumpssosvir·

149 2724 257 2775 tutum
275 2705 454 2773 vestrarum
470 2706 635 2773 beneficio
652 2706 816 2774 illaturos:
837 2709 891 2773 cui
909 2710 958 2774 rei
974 2726 1011 2776 ut
1025 2710 1142 2776 Provi-

147 2791 260 2858 dentia
282 2789 389 2857 divini
410 2787 567 2855 Numinis
588 2790 789 2857 incrementa
809 2789 957 2877 suggerat
977 2793 1145 2861 &felices

146 2874 334 2956 successus,
367 2873 539 2943 exanimo
562 2889 725 2957 optamus.
768 2873 830 2959 lpfl
852 2894 932 2941 vero
957 2875 1085 2961 grassni
1101 2878 1143 2947 ad

147 2975 276 3045 partam
300 2955 541 3041 immortalibus
563 2953 658 3023 saetis
680 2956 839 3039 majorum
853 2956 976 3025 samam
1016 2961 1142 3028 roniori

145 3062 214 3109 non
232 3040 387 3128 poteritis
399 3041 541 3119 itinere,
554 3058 648 3123 quam
662 3039 685 3106 si
700 3042 853 3125 exemplo
868 3044 977 3125 magni
992 2980 1143 3111 Barentis

145 3124 251 3191 studia
266 3125 456 3205 literarum,
479 3123 568 3207 quod
582 3122 712 3206 facitis,
727 3142 854 3205 amare,
871 3145 910 3191 ac
923 3127 1051 3194 monita
1066 3127 1142 3192 Phia

146 3205 339 3293 losophiae,
363 3208 404 3273 ad
421 3204 630 3291 splendorem
651 3205 718 3274 sori
736 3207 925 3285 &ordinis,
943 3209 977 3275 in
994 3228 1060 3291 quo
1076 3227 1140 3274 vos

148 3291 216 3355 nati
233 3289 327 3369 estis,
344 3306 540 3358 ornamenta
553 3290 693 3357 maxime
708 3287 950 3369 decentia,usu
967 3289 1072 3355 vestra
1086 3288 1137 3354 sa-

150 3389 229 3437 eere
249 3375 348 3457 magis
370 3376 536 3459 magisque
553 3375 710 3459 pergetis.
749 3373 849 3456 Cuius
864 3372 912 3438 rei
929 3373 1032 3456 gratia
1048 3389 1139 3440 vere·

147 3475 185 3522 ra
207 3455 289 3520 haec
311 3457 565 3542 epigrammata,
587 3455 699 3524 nostro
714 3454 865 3522 sermone
879 3455 912 3521 in
927 3455 1068 3537 praediis
1082 3478 1139 3524 ves

146 3537 219 3606 stris
240 3538 382 3623 paternis
404 3541 544 3607 obitera
559 3560 614 3607 me
627 3538 846 3626 superioribus
862 3536 978 3604 diebus
992 3540 1138 3623 reddita,

147 3621 246 3688 uobis
271 3621 377 3703 dic03
404 3641 486 3708 quae
507 3624 598 3692 slmul
624 3641 692 3689 rum
715 3620 957 3689 observantiam
978 3641 1056 3707 erga
1077 3645 1140 3692 vos

146 3723 254 3771 meam
279 3701 409 3785 testari,
432 3722 499 3772 tum
521 3707 649 3773 obsides
665 3705 730 3771 effe
744 3703 876 3786 majoris
891 3705 1026 3790 alicujus
1042 3726 1140 3774 curae

146 3806 186 3862 sc
201 3788 323 3855 laboris
341 3788 500 3874 deinceps
515 3790 580 3856 mei
597 3789 727 3873 poffint.
752 3787 785 3853 Si
802 3804 910 3855 tamen
927 3789 958 3855 dt
976 3789 1140 3877 puriatem

148 3869 328 3956 disiionis,
358 3873 389 3942 dt
409 3869 772 4002 sentenump*,*quas
791 3872 969 3956 nonnulli,
996 3873 1051 3959 qui
1068 3891 1140 3940 mos

498 3984 513 3995 ·
707 3974 728 4048 3
1070 3969 1142 4025 rum
