2580 5076
146 691 216 773 392
286 658 1029 757 nauarcrenunneru‘rnat

144 784 321 876 praecipue
343 781 401 849 fibi
425 778 645 847 excolendam
660 772 865 872 ,sumserunn
885 777 1153 872 dominatricem

145 870 210 943 elle
232 869 386 952 cupiant,
409 867 439 930 &
460 863 591 943 fontem
607 858 808 944 requuarutn
824 861 978 935 omniunt.
1021 862 1151 931 Certa-

146 967 218 1018 tum
233 950 313 1016 milri
329 948 461 1013 memini
479 965 553 1014 eum
570 942 753 1027 Theologo
771 941 860 1010 baud
875 944 1033 1028 indusio,
1050 947 1152 1014 &ne-

147 1052 307 1120 quaquam
325 1050 342 1096 a
359 1029 470 1117 stulliis
487 1027 604 1099 nolitis
622 1026 752 1107 alieno,
775 1024 818 1093 de
830 1045 969 1111 nummo
986 1048 1023 1094 ar
1047 1030 1152 1099 enten'

145 1117 349 1201 vulgatoque
365 1113 402 1195 P.
419 1112 550 1195 Carisi,
569 1112 624 1195 qui
638 1106 705 1177 furt
716 1108 887 1258 lefiatusrl
958 1108 996 1176 sti
1040 1110 1150 1181 ῐοΡτ.Ι

149 1196 369 1275 inLufitania.
386 1196 422 1263 ln
439 1215 505 1281 quo
521 1209 686 1281 nunnae
709 1211 731 1258 ο
777 1190 895 1259 MERI
933 1192 1149 1281 Alegebarn,

148 1282 208 1349 ille
230 1298 339 1347 autem
352 1280 503 1364 integras
525 1295 629 1367 uoces
647 1260 701 1341 lle
724 1293 816 1342 raeas
832 1293 911 1353 erue
957 1291 989 1355 ta
1014 1296 1150 1365 quarum

148 1362 311 1437 sententia
334 1363 418 1429 haec
439 1359 512 1431 est:
541 1358 605 1429 Hic
614 1359 786 1445 praecipiet.
816 1349 916 1425 Unde
932 1360 1151 1444 pertinaciter

148 1442 377 1537 contendebat
387 1493 398 1527 ,
408 1464 482 1531 cunr
498 1441 561 1531 else
575 1460 766 1523 nummum,
779 1459 876 1526 quern
891 1440 1029 1511 Christo
1039 1441 1149 1512 osten·

147 1527 217 1604 sum
242 1526 344 1607 discet
363 1527 555 1599 Matthaeus
575 1524 657 1614 Cap.
680 1543 765 1593 xxrr.
790 1522 873 1595 vers.
900 1544 951 1602 19·
968 1546 1023 1615 no.
1039 1544 1091 1595 αι.
1112 1528 1147 1595 δι’

148 1613 224 1705 quia
248 1611 414 1697 srn'pularis
438 1608 507 1699 est‚‘
528 1626 565 1675 ut
589 1606 986 1697 ajebat,hicnu1nnrus,
1008 1611 1147 1677 nemini·

149 1711 213 1781 que
232 1695 443 1770 Eruditorunr
459 1691 669 1774 observatus,
691 1709 758 1760 non
774 1689 833 1761 nili
843 1708 965 1782 quater
980 1692 1073 1761 mille
1088 1692 1149 1779 flo-

147 1778 238 1857 renis
255 1778 398 1864 Belgicis
413 1797 488 1843 eura
505 1773 682 1863 permutari
699 1773 852 1859 patietur.
865 1827 872 1839 ,
887 1773 947 1842 De
957 1774 1027 1845 hoc
1034 1777 1148 1861 ,urdi-

147 1861 204 1944 xi,
227 1882 363 1929 nummo
386 1862 547 1928 certatum
571 1858 652 1926 rnibi
666 1876 733 1925 non
748 1856 831 1924 nihil
847 1854 941 1943 fuit‚'
958 1859 1031 1951 imq
1045 1866 1148 1929 cetta-

149 1960 219 2025 turn
238 1944 351 2011 fuisset
366 1944 490 2019 diutius
505 1959 600 2028 atque
615 1939 810 2022 animosius,
833 1939 958 2025 dubia,
981 1958 1023 2010 ut
1043 1959 1145 2031 puto,

148 2026 314 2110 ritioria,
342 2025 401 2093 nifi
418 2027 546 2094 'dudum
568 2020 948 2100 fiientio‘.vadimoniurn
975 2022 1152 2094 desenrilse

149 2111 276 2199 uidear.
314 2106 389 2193 (a)
412 2108 513 2203 Quod
538 2109 647 2181 autern
671 2107 712 2173 ad
726 2103 881 2192 Dionysri
898 2107 982 2175 haee
997 2107 1149 2199 Djiiicba'

150 2192 298 2271 attinet,
329 2210 436 2257 rnores
460 2191 518 2257 illa
540 2191 709 2263 hominurn
730 2191 892 2257 excolunt
912 2192 954 2258 ad
975 2193 1146 2261 virt'utern.

147 2272 260 2343 Virtus
283 2273 341 2340 illa
363 2273 429 2354 eil,
451 2293 546 2359 quarn
562 2272 749 2346 reiteratio
764 2274 782 2337 'a
797 2270 877 2339 Deo
896 2273 1067 2343 borninunr
1081 2276 1149 2343 ani·

148 2358 212 2424 mis
229 2356 331 2432 indita
346 2358 516 2444 praecipit.
555 2355 655 2423 Hanc
672 2353 738 2440 ipse
756 2352 849 2429 Deus
866 2356 985 2423 Auster
999 2357 1153 2443 Prophe·

148 2441 190 2517 tis
210 2436 271 2505 suis
293 2459 332 2517 ae
357 2439 491 2505 Vatibus
514 2438 691 2521 exposuit3
713 2458 821 2505 rerum
837 2457 943 2516 autern
960 2439 1151 2509 divinamm

148 2520 423 2607 hilmanarulnque
441 2521 858 2606 contemplatio,dosirina
872 2526 964 2606 atque
977 2521 1148 2590 institutio

149 2625 192 2671 ex
207 2596 443 2694 Prophetarum
458 2604 585 2690 scriptis
600 2605 631 2671 ἃ
646 2605 824 2690 colloquiis
838 2603 942 2690 (quod
951 2602 1021 2671 Viri
1030 2606 1146 2689 magni

148 2688 303 2772 etaient)
313 2687 531 2774 Plrilosopbos
546 2688 674 2756 docuit.
697 2686 778 2755 Non
794 2690 910 2755 rnirunr
924 2706 1001 2772 ergo
1014 2736 1025 2771 ‚
1039 2688 1064 2757 sr
1076 2691 1147 2755 uir·

150 2774 257 2839 tutem
280 2774 554 2859 praecipientes,
585 2791 667 2858 quae
691 2769 801 2838 Deum
824 2771 1000 2840 Auctorem
1020 2772 1148 2854 habet,

150 2856 266 2943 eudem
285 2872 339 2923 aut
354 2857 489 2939 similia,
513 2856 571 2942 ipsr
586 2857 672 2922 inter
685 2853 717 2920 se
733 2854 923 2937 dissimiles,
945 2857 1151 2951 monperint'

149 2924 317 3021 Socratis,
343 2940 510 3021 Platonis,
535 2938 717 3006 Aristotelis
739 2944 835 3023 atq'ue
859 2937 1031 3006 universae
1047 2941 1149 3015 Stoae

150 3016 294 3097 decretis
312 3023 344 3090 ἃ
365 3021 532 3090 sententiis
556 3018 800 3118 accontnppdari
817 3019 908 3106 posse
922 3022 1044 3091 Sacrae
1060 3018 1156 3097 Sciit

149 3123 267 3201 pturae
292 3106 369 3171 loca
387 3107 489 3172 multa
504 3154 525 3188 ,,
547 3112 646 3179 nemo
671 3105 830 3189 a'inbigrt:
857 3124 960 3173 nemo
975 3104 1150 3175 tamense·

149 3187 246 3272 piens
275 3187 353 3253 inde
382 3187 601 3274 scriptoribus
634 3188 781 3269 divinis,
811 3207 894 3273 quos
918 3189 987 3257 boc
1012 3187 1149 3259 nomine

149 3265 322 3364 Christiani
338 3273 561 3356 appellamus,
584 3292 643 3340 eos
658 3271 837 3340 inseruerit.
860 3273 990 3343 Seneca
1004 3274 1154 3344 creditur·

148 3351 250 3417 hadre
273 3353 464 3437 quibusdam
493 3352 695 3422 sua'rnonita
723 3353 953 3428 acnristianis
975 3356 1151 3439 didicisses

148 3435 238 3582 eund
254 3451 362 3504 tamen
372 3438 459 3505 Viris
473 3436 716 3519 cordatioribus
731 3457 794 3505 nec
810 3439 889 3506 duur
903 3435 1094 3522 persuasum
1103 3440 1153 3508 ‘via

151 3537 229 3585 ‹eo
259 3519 354 3586 Adde
371 3520 441 3602 his,
463 3526 545 3606 quae
561 3521 602 3587 de
618 3520 844 3607 Philosophia,
862 3518 1043 3592 secundum
1054 3522 1151 3592 cbri·

87 3679 94 3691 ι
150 3587 272 3681 silanos
289 3601 523 3686 sentientibus,
541 3603 627 3670 infra
643 3603 811 3756 Broferam
820 3600 901 3703 Cap.
911 3612 945 3702 312
961 3603 1020 3674 De
1030 3600 1152 3683 Glbffir

150 3686 219 3766 illis
242 3687 407 3777 antiquis,
438 3684 621 3773 'dequibus
673 3687 879 3789 oxhutnius,
909 3704 959 3755 rta
972 3686 1150 3759 existimo:

1027 3773 1150 3843 Austo-

187 3905 245 3980 (α)
264 3909 309 3968 ne
321 3912 365 3970 tra
379 3911 475 3970 ratae
486 3910 572 3978 raas.
588 3910 653 3987 qaae
662 3910 700 3970 A.
717 3908 816 3968 crarta
827 3908 906 3968 Nae.
919 3909 1007 3969 Atre.
1024 3909 1085 3970 na.
1101 3928 1148 3973 xv.

148 3977 209 4066 Qn-
223 3998 291 4045 xxx.
322 3990 428 4080 ouras
442 3989 499 4048 arro
514 3986 831 4065 generevrtaedeura,
851 3988 905 4078 jan
920 3984 949 4043 a
962 3988 1150 4079 retenturas

145 4054 299 4119 litterarum
319 4065 475 4142 drscrpirnas
497 4069 580 4126 serius
602 4064 721 4134 adeunt,
741 4063 761 4122 sr
780 4061 856 4122 forte
870 4061 955 4121 adera
969 4063 1037 4125 funt
1100 4066 1152 4125 ruit

144 4133 486 4287 plztffiqffipngutull,
507 4140 616 4252 oppido
634 4157 719 4223 quau
732 4141 843 4204 fiuntin
856 4139 1015 4203 immuni
1028 4159 1050 4203 ο
1113 4154 1152 4204 α,
