2596 4920
151 688 218 784 ff
370 670 924 751 nenrcnrro

148 839 195 913 hil
218 830 300 908 Tibi
326 829 430 904 carius
444 825 520 900 effe.
552 826 628 898 lmo
652 841 735 898 uoto
749 845 892 897 meotes
906 823 1022 922 major
1040 823 1095 902 est
1112 831 1167 904 vi··

147 930 417 1030 sa‚p0lleaquam
434 923 605 1022 perspexi,
620 924 655 997 iu
671 944 774 1017 aequa
788 920 956 997 amicitiae
967 924 1048 1020 jura
1066 943 1127 1001 me
1146 950 1167 1001 a

144 1036 204 1108 Te
222 1028 336 1124 recipi.
377 1024 488 1129 Quem
503 1040 613 1094 autem
632 1016 907 1095 adolescentulum
945 1022 1099 1098 nondam
1115 1025 1168 1101 su·

145 1127 274 1227 scepilli
282 1178 296 1217 ,
312 1147 390 1199 eum
406 1144 466 1218 per
481 1138 653 1215 tempora,
676 1142 760 1215 quae
776 1116 849 1191 sunt
861 1140 905 1203 co
941 1138 1038 1194 ecura
1054 1122 1107 1197 ita
1127 1148 1167 1197 es

145 1229 246 1302 tuitus
256 1277 269 1316 ,
294 1242 330 1296 ut
348 1243 410 1295 nec
427 1217 613 1294 inclinatior
628 1233 716 1289 aetas
734 1235 807 1305 tua,
826 1238 910 1310 quae
925 1214 1034 1293 surdia
1045 1218 1164 1296 homi·

147 1349 228 1402 num
252 1321 401 1396 omnium
423 1317 616 1412 refrigerare
635 1313 734 1405 solet,
757 1313 801 1388 de
819 1315 900 1389 Tuo
914 1314 951 1390 in
968 1339 1029 1391 me
1048 1314 1163 1396 studio

147 1423 321 1524 quidquam
337 1416 536 1493 inminuerir.

200 1520 309 1613 Hujus
338 1517 372 1589 in
402 1537 457 1586 me
487 1512 603 1586 Animi
626 1530 875 1586 monumentum
903 1513 1039 1588 exstare
1060 1518 1158 1593 volui

149 1623 272 1694 Tenue
294 1633 426 1700 autem,
452 1611 577 1702 fateor,
602 1631 697 1710 atque
712 1613 866 1706 exiguum
885 1609 1044 1702 euhoe,
1073 1616 1158 1714 quod

149 1716 232 1792 Tibi
247 1713 371 1809 statuo,
396 1710 420 1785 sr
437 1710 637 1783 Meritorum
657 1711 810 1782 Tuorum
823 1709 1096 1807 magnitudinem
1111 1737 1157 1786 res

147 1815 260 1913 spicio.
304 1812 396 1885 Nam
411 1806 608 1904 Dionysrom
626 1808 714 1881 illum
732 1809 924 1898 Catonem,
955 1835 1061 1912 quem
1084 1812 1157 1887 fidei

149 1917 248 1991 'I'uae
263 1909 439 1984 committo
449 1961 459 1990 ‚
470 1929 528 2002 pet
544 1904 578 1978 se
593 1906 791 1981 Tibivilem
807 1904 912 1980 videri
928 1931 988 1985 aut
1005 1931 1156 1986 contem·

148 2012 312 2100 nendum,
335 2031 401 2080 non
416 2006 564 2077 arbitror.
599 2004 768 2079 imovero
786 2002 972 2099 persuasum
993 2009 1079 2084 mibi
1092 2002 1154 2098 est,

148 2135 190 2184 eo
206 2110 295 2183 illum
310 2105 398 2201 apud
412 2105 468 2175 Te
483 2104 558 2174 loco
574 2099 674 2192 stare,
684 2128 748 2201 quo
765 2100 853 2176 stetit
868 2106 950 2178 olim
968 2109 1058 2204 apud
1075 2108 1152 2182 sum·

147 2230 222 2282 mos
247 2204 382 2292 Viros,
417 2198 596 2298 Josephum
621 2203 849 2299 Scaligerum‚
879 2204 1090 2279 Defiderium
1111 2206 1151 2279 E·-

148 2317 292 2380 raslnum
301 2352 315 2391 ,
348 2318 444 2396 atque
459 2298 531 2372 illos
548 2321 664 2372 omnes
672 2352 685 2391 ,
712 2298 766 2397 qui
782 2324 850 2374 non
865 2304 1027 2400 opinione
1042 2304 1149 2403 vulgi,

147 2402 203 2478 sed
223 2425 264 2474 ex
283 2422 364 2472 vero
389 2397 520 2493 ingenia
544 2396 713 2471 aestimare
735 2399 927 2473 didicerunt.
961 2403 1151 2477 Madidane

149 2519 260 2575 autem
282 2499 316 2571 in
341 2495 502 2570 nonnullis
528 2495 626 2569 fuerit
653 2497 835 2572 Bomomii
856 2497 1038 2588 memoria,
1073 2524 1156 2575 eum

149 2596 418 2676 Differtationenr
433 2594 475 2665 de
491 2595 624 2668 Catonis
644 2593 802 2670 Distichis
818 2597 1064 2693 depromet,
1088 2622 1155 2670 ne·

150 2722 209 2772 mo
236 2698 292 2769 Te
307 2693 439 2793 peritius
452 2692 622 2788 judicabit.
658 2694 729 2767 Scis
740 2745 754 2784 ,
779 2719 862 2793 quae
874 2694 915 2769 de
930 2692 1149 2770 madidam&

150 2796 256 2869 moria
274 2795 356 2869 illius
376 2790 480 2865 luserit
494 2793 573 2865 olim
589 2792 724 2866 Amicus
741 2795 809 2890 ejus
825 2793 1154 2892 &Cognaursloam

151 2918 210 2970 nes
226 2893 344 2967 Isacins
360 2894 525 2964 Pontanus
542 2893 590 2964 V.
604 2893 642 2963 C.
660 2915 735 2965 cum
751 2894 777 2964 is
793 2891 1052 2968 Catulliversum
1060 2895 1157 2968 Mar·

150 2993 217 3067 tiali
233 3011 406 3088 acceptum
421 2987 586 3064 retulillet.
620 2991 797 3063 Acriorem
812 2989 900 3063 forte
916 2991 953 3065 in
966 2995 1154 3068 contentio·

149 3094 245 3164 nibus
257 3091 326 3177 his,
342 3111 424 3183 quae
439 3089 520 3163 mihi
535 3112 612 3161 cour
631 3087 826 3162 Doiliffimo
845 3090 920 3163 viro
938 3088 1014 3165 sunt
1030 3090 1155 3184 fartae,

150 3185 402 3278 deprehendes,
435 3209 636 3282 nequaquam
667 3207 777 3261 tamen
800 3189 958 3260 acerbum
982 3210 1043 3265 aut
1067 3192 1155 3289 alpe·

150 3306 224 3356 rum
239 3308 251 3372 3
285 3282 337 3354 sed
363 3282 400 3356 dr
424 3284 470 3357 ita
486 3284 661 3372 acriorem,
688 3304 723 3357 ut
740 3287 826 3358 nulla
842 3286 1035 3382 cupidius,
1051 3294 1155 3366 nullut

149 3381 263 3457 fervor
287 3379 475 3455 abstraxerit
497 3383 641 3453 animum
667 3387 709 3457 ab
730 3384 858 3473 offici0‚
884 3385 975 3480 quod
991 3392 1080 3464 tanti
1096 3390 1153 3466 vin·

149 3470 286 3556 Meritis
300 3477 340 3553 dt
355 3481 513 3552 Manibus
529 3479 676 3552 debetur.
704 3483 801 3555 Haec
815 3483 1047 3561 contendendi
1056 3490 1153 3579 ratio,

149 3602 214 3678 qua
238 3602 273 3651 es
295 3577 395 3650 animi
419 3577 580 3672 aequitate
603 3575 641 3652 dt
659 3581 905 3670 moderatione,
935 3582 1024 3658 Tibi
1041 3593 1152 3684 proba·

150 3678 250 3757 bitur.
284 3676 387 3750 Hunc
406 3676 490 3747 Bnni
506 3697 620 3747 omnes
635 3678 756 3751 uolent.
792 3678 914 3775 Neque
940 3678 997 3756 illa
1017 3707 1152 3787 unquam

101 3798 113 3821 ·
148 3770 507 3851 aMedetreilabitur.
542 3773 641 3845 Vale.

42 3952 49 3959 ,
69 3954 76 3961 ,
147 3870 505 4043 λῃ,ἰῗὶΙῗῙΔΝΗΕΜΙΑΕ
524 3872 582 3944 clo
601 3873 639 3945 lo
657 3895 698 3945 co
714 3897 820 3945 xxxv.
841 3873 887 3948 A.
904 3874 954 3949 D.
973 3903 1029 3956 rx.
1049 3882 1153 3957 KALr
