2580 5076
137 650 208 742 saa
258 642 290 740 J.
314 630 731 714 nannnnnannr
753 605 1059 708 wranorn

144 794 237 863 omnis
251 792 342 849 oratio
356 788 484 861 ambigua
499 786 612 845 vitanda
624 784 674 845 eii.
694 785 848 849 Horatius,
869 782 995 841 Austori
1007 780 1139 841 nostroin

148 870 252 929 deliciis
268 869 378 924 habitus
392 880 494 921 voeetn
507 881 566 919 rom
579 878 720 937 nunquam
736 863 790 930 ita,
814 857 859 919 sed
873 874 957 917 nrore
971 859 1059 918 soiito
1072 857 1139 917 adhi-

146 948 202 1006 bet.
231 945 363 1004 Gonuina
375 942 455 999 litera
470 940 566 998 initiali
578 938 702 998 restituta
715 936 865 1014 legendum
878 934 1002 994 censeo!

288 1017 394 1097 Discere
405 1035 437 1075 oe
450 1014 533 1093 taffo:
553 1011 851 1093 crtroflapienriecrescit.

291 1098 367 1155 Vera
377 1094 453 1151 datur
465 1095 539 1167 bago
547 1093 676 1166 pnsum
684 1093 797 1165 ampotis

148 1174 196 1235 Sic
208 1190 269 1231 uero
285 1175 369 1231 viram
383 1168 456 1247 apud
469 1170 619 1229 Horatium
631 1170 695 1229 Lib.
710 1186 757 1227 111.
771 1088 876 1227 ogau.
894 1169 932 1230 d.
949 1182 1000 1236 29.
1025 1165 1081 1224 Nec
1090 1182 1142 1225 aera

148 1244 252 1317 mnus,
270 1267 327 1307 cum
337 1245 416 1327 sune!
435 1243 548 1316 cecidit,
566 1245 646 1303 cierat
657 1247 743 1319 reperti
753 1243 932 1301 emendum.
954 1242 1041 1301 Adde
1052 1245 1109 1303 Lib.
1122 1260 1140 1301 t.

148 1325 236 1403 Epist.
252 1342 336 1383 xant.
351 1328 383 1388 a.
398 1330 424 1385 8.
445 1324 551 1382 Auibor
564 1322 698 1382 Otiaviae
715 1325 749 1386 si.
767 1336 834 1389 291.
866 1320 940 1377 Vero
950 1324 1143 1397 pdmaim

149 1403 271 1477 mnam
283 1401 397 1458 antono
404 1396 461 1476 suit
471 1443 479 1469 ‚
489 1416 623 1473 verumptt
632 1415 713 1475 genre
727 1396 830 1455 Martis
842 1396 873 1452 a’rr
887 1394 1141 1473 iiiissatpuisqueui

152 1481 198 1538 rit.
225 1476 311 1558 Quod
332 1476 406 1554 pene
423 1478 536 1551 repetiit
548 1476 663 1547 Florus,
683 1473 809 1547 ejusdem
823 1473 969 1532 Otiaviae
982 1474 1090 1542 Auum,
1106 1486 1135 1557 ut

150 1556 216 1614 aiibi
237 1553 329 1613 multis
350 1552 528 1612 documentis
547 1552 741 1621 ostendimus,
765 1552 831 1609 Lib.
856 1565 879 1609 r.
906 1550 982 1628 Cap.
997 1566 1078 1610 xvrrr.
1098 1548 1139 1605 se

150 1633 214 1689 beiio
231 1628 268 1699 Θ
285 1629 445 1765 precept
461 1626 498 1699 ὅ
516 1629 596 1697 doni,
615 1646 708 1688 ment
726 1630 861 1701 inponent
877 1626 1142 1685 Ronmanorum

143 1704 177 1787 se
189 1707 350 1783 apportem
409 1705 499 1765 adbuc
515 1706 614 1766 darius
626 1700 715 1766 Libro
727 1703 830 1764 eodem
845 1704 921 1781 Cap.
929 1720 1009 1769 ‚xnn
1033 1702 1094 1763 Tan
1103 1705 1141 1780 igi·

153 1797 198 1844 tur
208 1796 254 1842 arat
264 1800 390 1858 moenam
403 1784 596 1871 aigas‘appuruit
604 1798 667 1843 vera
678 1784 725 1841 iiia
738 1781 853 1839 Romana
866 1785 971 1841 virtus.

192 1862 257 1921 Lib.
270 1879 312 1920 av.
330 1860 403 1919 Dist.
418 1876 524 1919 arunt.

298 1932 383 1995 Parce
395 1935 513 1996 badura
527 1955 588 1995 nom
600 1954 672 2012 pem
680 1948 710 1995 aa
715 1933 791 2015 saepe
800 1936 937 2010 probaris,

299 2013 361 2085 Una
373 2013 443 2083 dies,
460 2012 649 2090 pueliam,
669 2011 799 2072 ostendet
812 2016 924 2071 amicus.

152 2094 201 2154 Sic
215 2108 313 2152 ornnes
328 2091 476 2160 exhibent,
485 2091 536 2149 nisi
548 2089 625 2166 quod
637 2088 830 2150 Alexandrino
843 2090 942 2166 gladio
956 2104 1042 2150 utens
1050 2091 1140 2152 Scrive-

153 2172 212 2228 rius
227 2166 415 2227 exhibendum
429 2169 567 2226 curaverit
578 2163 735 2241 monstrabit,
749 2168 816 2225 loto
832 2172 868 2226 τῦ
882 2163 1010 2241 plenam
1031 2171 1145 2244 improbe

153 2243 293 2320 prosedb.
331 2244 410 2303 Soiet
430 2243 530 2319 syllaba
552 2245 643 2302 brevia
664 2243 805 2303 interdum
826 2256 920 2302 tamen
934 2247 962 2302 in
979 2246 1146 2303 hemiiticbio

156 2319 271 2394 quidem
291 2320 386 2395 priore
408 2322 447 2376 ob
460 2320 598 2378 caesuram
612 2320 744 2396 produci,
766 2320 811 2379 sed
826 2338 885 2378 non
901 2320 983 2379 facile
996 2323 1025 2378 in
1040 2336 1147 2395 quarta,

152 2408 187 2453 ut
199 2397 293 2466 ajunt,
308 2397 431 2468 regione.
460 2396 535 2453 Sane
549 2396 702 2472 &propter
717 2399 806 2464 hant,
829 2396 983 2473 &propter
995 2398 1078 2453 aiiarn
1090 2415 1147 2454 cau·

155 2472 210 2530 saur
226 2469 351 2547 displicet
372 2471 418 2527 hic
437 2470 487 2528 ista
506 2471 628 2530 licentia.
661 2476 727 2532 Vox
745 2471 852 2547 adlendo
871 2474 926 2530 fine
944 2471 1034 2529 dubio
1049 2474 1149 2529 vitiosa

154 2545 206 2606 est.
232 2547 376 2604 Praeterea
390 2545 485 2605 falsum
499 2547 555 2617 est,
576 2550 631 2606 boe
653 2551 712 2607 fieri
726 2550 833 2627 semper
848 2548 1049 2615 demetiano,
1069 2548 1149 2623 quod

154 2625 187 2681 in
208 2624 264 2681 hoc
285 2623 365 2683 versu
386 2623 495 2683 dicitur.
524 2627 597 2684 Fieri
618 2625 697 2702 saepe
711 2629 820 2704 potest,
844 2629 928 2703 fitque
943 2627 1022 2702 iaepe
1035 2643 1148 2696 revera,

158 2717 218 2760 non
233 2701 349 2779 semper.
376 2701 563 2761 Emendator:

304 2778 390 2836 Parce
402 2780 520 2838 barleto:
541 2799 600 2838 nam
612 2798 682 2856 quen
693 2780 801 2860 tosaepe
813 2784 942 2856 probaris,

301 2855 363 2914 Uno
377 2855 442 2926 dies,
461 2855 646 2935 quolisfuerit,
665 2858 725 2918 fors
738 2859 857 2935 pandet,
877 2862 985 2920 amicto.

157 2935 219 3013 Jarn
238 2933 372 2993 sententia
390 2951 455 2992 uera
477 2933 526 2993 est.
544 2935 649 3010 pandet,
670 2935 699 2995 id
719 2935 774 3007 est,
795 2937 918 3013 aperiet,
941 2936 1086 3001 ostenden
1095 2932 1149 3011 sors

157 3011 354 3086 adverbialiter
393 3028 426 3068 ro
434 3010 503 3087 forte
514 3011 554 3069 est
567 3014 695 3087 antiquae
709 3012 872 3088 elegantiae.
895 3014 1036 3073 Horatius
1050 3015 1105 3074 Lib.
1121 3029 1145 3069 r.

155 3088 217 3146 Od.
233 3103 338 3166 savrra.
360 3027 421 3143 dors
434 3085 471 3155 &⁹
483 3086 565 3145 debito
571 3086 636 3163 jura
651 3086 765 3163 vicesque
768 3087 892 3166 superbae
901 3085 931 3145 Τ
925 3108 939 3145 e
945 3104 1064 3150 moneam
1069 3087 1144 3167 ipone

156 3162 250 3221 Facile
263 3176 356 3220 autern
370 3163 435 3222 elisa
448 3165 525 3222 litera
539 3182 574 3222 ex
589 3166 632 3224 his
639 3163 699 3242 sors
710 3167 800 3238 pandet
812 3167 826 3223 d
837 3166 975 3227 Librariis
984 3164 1088 3242 asima
1095 3184 1147 3225 cor·

156 3250 269 3312 ruptum
280 3238 341 3296 fuit.
362 3241 550 3299 Colurnbanus
564 3255 627 3300 ante
640 3243 757 3317 piurima
774 3244 863 3301 secula
874 3244 954 3302 hunc
972 3246 1084 3304 versum
1093 3261 1150 3320 pau·

156 3316 187 3373 io
208 3315 287 3373 aliter
308 3316 361 3373 suis
384 3318 565 3376 monostichis
585 3320 713 3387 inseruit,
732 3321 787 3390 jnrn
802 3333 875 3385 trun,
897 3332 929 3378 ut
945 3339 1080 3398 apparet,
1099 3338 1151 3378 cor·

158 3404 280 3466 ruptum.
311 3391 385 3451 Vide
406 3393 479 3468 apud
499 3395 607 3453 Melcb.
629 3393 795 3455 Goidastum
814 3398 841 3454 in
857 3398 1065 3468 Paraeneticis,
1086 3397 1151 3456 &in

156 3471 232 3527 taice
245 3467 384 3528 Editionis
399 3471 587 3542 Daumiunae‚
607 3483 639 3531 ut
656 3474 741 3532 etiarn
751 3475 778 3531 in
789 3474 889 3562 Jacobi
905 3475 1011 3535 Ufferii
1028 3480 1154 3535 Veterum

156 3543 343 3620 Epistularum
365 3547 579 3606 Hibernicarum
600 3546 730 3624 Sylloge;
749 3568 796 3625 qur
816 3566 916 3608 ornnes
940 3551 1024 3611 simui
1038 3555 1086 3612 has
1101 3552 1153 3610 reii-

157 3620 418 3756 quiaffletdiderunt,
438 3640 501 3683 curn
521 3624 580 3684 aliis
601 3625 686 3684 medii
699 3628 779 3690 Aiivi
792 3625 938 3702 audium.
963 3629 1081 3691 Eodem
1094 3630 1152 3689 Lib.

154 3714 197 3760 ιν.
242 3716 253 3759 t
280 3716 380 3759 arra

249 3772 254 3779 ’
299 3772 344 3833 Ne
355 3774 461 3851 purleot,
480 3795 541 3851 quas
552 3797 582 3836 ne
592 3780 681 3846 cieris,
700 3793 725 3838 te
740 3781 804 3838 oeiie
818 3779 908 3837 doceri.

299 3851 368 3909 Scire
381 3854 476 3927 aliquid
487 3858 542 3912 laus
555 3874 568 3910 e
598 3874 608 3924 ς
622 3857 702 3933 culpa
716 3855 766 3929 est,
785 3860 823 3914 aii
834 3855 925 3934 ἅψατε
938 3863 1020 3920 velie.

156 3930 188 3984 ln
204 3927 263 3985 aliis
276 3929 345 3987 oiim
359 3929 528 3989 editionibus
545 3947 603 3993 erat
615 3934 692 4005 pudor
704 3929 739 4007 est
753 3936 791 3990 nii
804 3931 893 4011 discere
907 3939 996 4009 uelle,
1012 3937 1154 4015 quomodo

155 4003 241 4059 etiarn
255 4006 284 4062 in
297 4007 404 4065 Erasini
418 4007 551 4066 Editione
564 4012 710 4084 reperittu.
741 4009 796 4078 Sed
809 4009 927 4086 praestat
943 4014 1033 4074 altera
1051 4019 1130 4075 ietiio
1142 4017 1154 4072 i

155 4078 298 4151 Scaligero
312 4098 348 4140 ex
362 4084 421 4141 aiiis
434 4086 527 4143 Libris
541 4087 708 4162 approbata,
718 4086 804 4145 modo
819 4090 893 4164 prius
910 4091 1015 4150 menda
1031 4095 1154 4154 tollatur.

154 4156 262 4233 Exigua
275 4161 431 4222 mutatione
445 4176 597 4239 reponatur
610 4180 677 4225 vera
691 4164 822 4242 scriptura
834 4166 891 4226 hoe
906 4164 1016 4228 modo:
1031 4184 1039 4191 ·

1118 4242 1157 4309 Ne
