2596 4920
119 390 467 520 orsio.
523 356 1029 531 mansurus

173 633 256 719 m·
292 627 672 746 JoHANNr
720 628 968 719 uuuro

262 814 892 905 ΗοΝυΙεοοΤΑΝο,

155 987 393 1076 Lilianorum
417 981 522 1094 apud
552 982 749 1095 inclytum
777 985 998 1082 Lovaniurn

415 1105 745 1226 Gymnafiarchae
880 1196 883 1201 ,

521 1307 556 1379 S.
606 1304 652 1376 D.

175 1502 297 1577 lstieha
319 1499 487 1586 moralia,
521 1500 623 1594 vulgo
647 1495 782 1570 Catonis
800 1495 954 1596 inscripta
971 1502 1083 1598 titulo,

84 1521 174 1686 D
203 1596 332 1684 Nevi,
368 1594 616 1690 Theologorum
640 1593 761 1682 decus,
785 1596 930 1689 primum
949 1599 1084 1699 diligen·
1133 1645 1135 1648 >

85 1719 137 1771 ter
152 1696 172 1768 a
188 1693 314 1766 mendis
330 1693 573 1858 repurgavimus
588 1746 598 1780 ,
623 1692 744 1762 collata
759 1692 909 1767 Planudis
924 1695 1085 1795 interpre·

87 1794 227 1867 tatione:
255 1808 379 1860 tametr
406 1788 581 1860 Graeculus
601 1787 656 1860 ille
681 1789 827 1862 Romani
842 1793 996 1867 carminis
1011 1796 1081 1871 sen·

88 1890 222 1963 tentiam
244 1885 340 1982 saepe
358 1906 494 1957 numero
517 1905 584 1956 non
602 1882 783 1981 alhquitur.
832 1887 1028 1966 Addidimus
1042 1895 1083 1969 dc

87 1988 222 2077 scholia,
251 1983 423 2080 perbrevia
436 1981 566 2094 quidem
583 1982 654 2072 illa,
680 1981 733 2054 sed
750 1982 913 2082 aliquanto
929 2011 1080 2064 commo·

20 2139 22 2143 -
88 2085 204 2174 diora,
236 2083 271 2154 ni
292 2079 411 2170 fallor,
444 2084 482 2152 ris
505 2080 773 2172 commentariis,
795 2082 911 2179 quihus
933 2085 998 2160 duo
1011 2089 1083 2186 qui·

88 2183 165 2255 darn
185 2178 375 2274 opuseulum
399 2178 463 2250 hoc
483 2179 811 2253 contaminaverant:
836 2204 974 2276 quorum
1000 2187 1084 2259 alter

92 2276 286 2353 insulfiffirne
300 2276 533 2363 rhetoricatur,
549 2275 652 2347 homo
667 2274 734 2372 ipsa
750 2275 887 2350 infantia
905 2281 1083 2375 infantior,

88 2377 171 2449 alter
192 2372 386 2472 ineptiffime
407 2370 651 2471 philosophatur
666 2397 676 2447 ι
689 2381 836 2471 'uterque
860 2380 920 2443 all.
932 2382 993 2460 πρὶς
1008 2385 1084 2452 lxo·

89 2472 237 2566 loquitur.
269 2473 373 2545 Porro
386 2471 477 2568 cujus
494 2469 648 2544 Austoris
663 2469 701 2543 srt
715 2470 895 2568 hocopus,
920 2470 958 2544 ἃ
975 2493 1086 2548 utrum

93 2570 209 2658 unius,
233 2591 275 2640 an
289 2569 454 2664 plurium,
477 2592 545 2643 non
562 2567 738 2641 admodum
754 2569 876 2643 referre
892 2587 983 2663 puto.
1019 2573 1084 2649 Ca·

94 2665 181 2738 tonis
198 2667 242 2737 ob
264 2665 298 2736 id
319 2681 446 2737 tantum
468 2667 606 2739 arbitror
626 2664 710 2753 dici,
733 2669 819 2761 quod
834 2665 1006 2740 sententias
1023 2668 1080 2742 ha·

93 2766 169 2838 beat
193 2764 320 2835 Catone
344 2761 468 2857 dignas.
509 2760 701 2858 Adjecimus
726 2761 775 2836 his
800 2766 934 2838 *Mimos
957 2767 1085 2841 Publia·

93 2885 187 2949 uos,
220 2859 301 2933 falso
326 2859 497 2957 inscriptos
519 2862 666 2933 Senecae
681 2864 855 2955 proverbia
871 2887 884 2937 1:
910 2880 1008 2961 atque
1031 2864 1084 2959 his

92 2981 221 3055 quoque
243 2956 405 3054 castigatis
432 2956 654 3053 (offendimus
678 2960 767 3031 enirn
790 2961 1086 3059 depravatilhmos)

94 3054 315 3151 adscripsimus
332 3054 514 3130 brevillirira
526 3055 666 3144 scholia,
691 3057 818 3151 rejeetis
835 3061 893 3146 iis,
912 3084 994 3155 quae
1008 3081 1086 3154 per·

95 3175 209 3247 peram
230 3172 322 3225 erant
344 3153 489 3225 admixta
506 3175 547 3226 ex
563 3153 698 3226 aliorum
716 3155 820 3229 libris:
849 3175 918 3228 turn
933 3154 1088 3250 appohtis

98 3250 218 3344 aliquot
233 3273 273 3322 ex
291 3251 367 3324 Auli
387 3251 485 3324 Gellii
501 3250 651 3324 nodlibus
667 3250 705 3323 dt
724 3252 868 3324 Senecae
883 3254 1088 3322 Controver-

100 3344 162 3418 sris.
202 3347 265 3417 Sed
286 3348 415 3421 interim
440 3349 592 3423 clamabit
609 3348 813 3443 vitilitigator
834 3348 968 3440 aliquis:
995 3345 1085 3420 Hui!

101 3442 313 3538 Theologurn
339 3449 373 3518 in
400 3466 467 3518 tarn
490 3446 616 3520 frivolis
639 3447 757 3518 versari
785 3445 911 3537 nugis?
943 3445 1089 3518 Primum

97 3563 164 3635 ego
181 3539 261 3611 nihil
277 3538 499 3616 fastidiendum
514 3544 600 3616 duco
616 3540 825 3639 quantumvis
841 3541 977 3631 humile,
1000 3543 1097 3641 quod¹

100 3640 142 3711 ad
166 3641 267 3710 bonas
291 3642 451 3733 pertineat
468 3643 593 3717 literas:
621 3639 743 3712 nedum
761 3633 858 3709 hosce
872 3639 998 3731 versus,
1019 3631 1104 3715 tan-⁹

101 3755 136 3808 ta
157 3737 303 3810 Romani
319 3735 471 3812 sermonis
487 3738 667 3823 munditie,
693 3754 824 3832 tamque
840 3737 879 3809 ad
896 3741 1002 3812 bonos
1019 3761 1093 3809 mo·

101 3835 409 3940 reoconducibiles.
462 3835 659 3939 Quanquam
684 3856 742 3906 cur
769 3854 824 3908 me
841 3838 962 3930 pudeat
977 3836 1010 3906 in
1028 3837 1092 3905 hoc

974 3946 1095 4024 genere
