<?xml version="1.0" encoding="UTF-8"?>
<!DOCTYPE html PUBLIC "-//W3C//DTD XHTML 1.0 Transitional//EN"
    "http://www.w3.org/TR/xhtml1/DTD/xhtml1-transitional.dtd">
<html xmlns="http://www.w3.org/1999/xhtml" xml:lang="en" lang="en">
 <head>
  <title>
</title>
<meta http-equiv="Content-Type" content="text/html;charset=utf-8" />
  <meta name='ocr-system' content='tesseract 3.04.00' />
  <meta name='ocr-capabilities' content='ocr_page ocr_carea ocr_par ocr_line ocrx_word'/>
</head>
<body>
  <div class='ocr_page' id='page_1' title='image "./dionysiicatonis00fokkgoog_0628.png"; bbox 0 0 2580 5076; ppageno 0'>
   <div class='ocr_carea' id='block_1_1' title="bbox 140 552 1154 901">
    <p class='ocr_par' dir='ltr' id='par_1_1' title="bbox 140 552 1154 901">
     <span class='ocr_line' id='line_1_1' title="bbox 140 552 1078 721; baseline -0.009 -34"><span class='ocrx_word' id='word_1_1' title='bbox 140 613 211 709; x_wconf 80' lang='lat'>54⁶</span> <span class='ocrx_word' id='word_1_2' title='bbox 260 604 295 706; x_wconf 87' lang='grc'>1.</span> <span class='ocrx_word' id='word_1_3' title='bbox 318 552 1078 721; x_wconf 43' lang='lat' dir='ltr'>‚nruouanntvorwu‘rruour1</span> 
     </span>
     <span class='ocr_line' id='line_1_2' title="bbox 141 750 1154 901; baseline 0.003 -86"><span class='ocrx_word' id='word_1_4' title='bbox 141 766 203 901; x_wconf 55' lang='lat' dir='ltr'>Lam</span> <span class='ocrx_word' id='word_1_5' title='bbox 223 774 311 819; x_wconf 83' lang='lat' dir='ltr'>nexus</span> <span class='ocrx_word' id='word_1_6' title='bbox 332 752 394 825; x_wconf 86' lang='lat' dir='ltr'>est,</span> <span class='ocrx_word' id='word_1_7' title='bbox 420 751 510 830; x_wconf 84' lang='lat' dir='ltr'>qualis</span> <span class='ocrx_word' id='word_1_8' title='bbox 531 752 701 827; x_wconf 81' lang='lat' dir='ltr'>requiritur,</span> <span class='ocrx_word' id='word_1_9' title='bbox 726 750 866 817; x_wconf 82' lang='lat' dir='ltr'>balbutiet</span> <span class='ocrx_word' id='word_1_10' title='bbox 880 751 1009 825; x_wconf 80' lang='lat' dir='ltr'>sublata,</span> <span class='ocrx_word' id='word_1_11' title='bbox 1027 751 1063 817; x_wconf 68' lang='lat' dir='ltr'>u*</span> <span class='ocrx_word' id='word_1_12' title='bbox 1078 757 1154 832; x_wconf 71' lang='lat' dir='ltr'>puin</span> 
     </span>
    </p>
   </div>
   <div class='ocr_carea' id='block_1_2' title="bbox 36 826 1152 911">
    <p class='ocr_par' dir='ltr' id='par_1_2' title="bbox 36 826 1152 911">
     <span class='ocr_line' id='line_1_3' title="bbox 36 826 1152 911; baseline 0.001 -17"><span class='ocrx_word' id='word_1_13' title='bbox 36 841 41 851; x_wconf 91' lang='lat'>&#39;</span> <span class='ocrx_word' id='word_1_14' title='bbox 104 878 107 885; x_wconf 83' lang='grc'><em>.</em></span> <span class='ocrx_word' id='word_1_15' title='bbox 166 841 230 899; x_wconf 88' lang='lat' dir='ltr'>abet</span> <span class='ocrx_word' id='word_1_16' title='bbox 242 834 301 911; x_wconf 88' lang='lat' dir='ltr'>qub</span> <span class='ocrx_word' id='word_1_17' title='bbox 314 830 465 900; x_wconf 86' lang='lat' dir='ltr'>referatur,</span> <span class='ocrx_word' id='word_1_18' title='bbox 480 828 508 888; x_wconf 81' lang='lat' dir='ltr'>dt</span> <span class='ocrx_word' id='word_1_19' title='bbox 522 829 619 888; x_wconf 87' lang='lat' dir='ltr'>orunla</span> <span class='ocrx_word' id='word_1_20' title='bbox 630 828 732 889; x_wconf 82' lang='lat' dir='ltr'>Latine</span> <span class='ocrx_word' id='word_1_21' title='bbox 745 826 910 900; x_wconf 73' lang='lat' dir='ltr'>suntdiblu,</span> <span class='ocrx_word' id='word_1_22' title='bbox 972 829 1152 895; x_wconf 61' lang='lat' dir='ltr'>stremovu</span> 
     </span>
    </p>
   </div>
   <div class='ocr_carea' id='block_1_3' title="bbox 144 904 1155 1053">
    <p class='ocr_par' dir='ltr' id='par_1_3' title="bbox 144 904 1155 1053">
     <span class='ocr_line' id='line_1_4' title="bbox 144 904 1154 1044; baseline -0.003 -73"><span class='ocrx_word' id='word_1_23' title='bbox 144 916 188 979; x_wconf 83' lang='lat' dir='ltr'>sus</span> <span class='ocrx_word' id='word_1_24' title='bbox 205 914 288 971; x_wconf 86' lang='lat' dir='ltr'>etiam</span> <span class='ocrx_word' id='word_1_25' title='bbox 302 908 427 966; x_wconf 89' lang='lat' dir='ltr'>mollior.</span> <span class='ocrx_word' id='word_1_26' title='bbox 453 905 568 976; x_wconf 88' lang='lat' dir='ltr'>Potius,</span> <span class='ocrx_word' id='word_1_27' title='bbox 591 905 697 980; x_wconf 88' lang='lat' dir='ltr'>inquit,</span> <span class='ocrx_word' id='word_1_28' title='bbox 710 904 844 966; x_wconf 77' lang='lat' dir='ltr'>consem</span> <span class='ocrx_word' id='word_1_29' title='bbox 857 905 914 969; x_wconf 84' lang='lat' dir='ltr'>sem</span> <span class='ocrx_word' id='word_1_30' title='bbox 945 920 1059 1044; x_wconf 71' lang='lat' dir='ltr'>¹parur,</span> <span class='ocrx_word' id='word_1_31' title='bbox 1073 929 1154 989; x_wconf 83' lang='lat' dir='ltr'>quam</span> 
     </span>
     <span class='ocr_line' id='line_1_5' title="bbox 145 979 1155 1053; baseline -0.012 -2"><span class='ocrx_word' id='word_1_32' title='bbox 145 992 226 1053; x_wconf 84' lang='lat' dir='ltr'>labor</span> <span class='ocrx_word' id='word_1_33' title='bbox 244 988 343 1045; x_wconf 89' lang='lat' dir='ltr'>labore</span> <span class='ocrx_word' id='word_1_34' title='bbox 363 984 391 1041; x_wconf 76' lang='lat' dir='ltr'>de</span> <span class='ocrx_word' id='word_1_35' title='bbox 405 983 483 1041; x_wconf 78' lang='lat' dir='ltr'>simul</span> <span class='ocrx_word' id='word_1_36' title='bbox 496 981 598 1041; x_wconf 89' lang='lat' dir='ltr'>damno</span> <span class='ocrx_word' id='word_1_37' title='bbox 612 979 713 1040; x_wconf 88' lang='lat' dir='ltr'>deinde</span> <span class='ocrx_word' id='word_1_38' title='bbox 956 998 1045 1047; x_wconf 79' lang='lat' dir='ltr'>cente</span> <span class='ocrx_word' id='word_1_39' title='bbox 1055 988 1155 1051; x_wconf 54' lang='lat' dir='ltr'>cresc„</span> 
     </span>
    </p>
   </div>
   <div class='ocr_carea' id='block_1_4' title="bbox 76 982 1159 4210">
    <p class='ocr_par' dir='ltr' id='par_1_4' title="bbox 144 982 1155 1610">
     <span class='ocr_line' id='line_1_6' title="bbox 144 982 1152 1156; baseline -0.004 -28"><span class='ocrx_word' id='word_1_40' title='bbox 144 1069 197 1129; x_wconf 94' lang='lat' dir='ltr'>tlbi</span> <span class='ocrx_word' id='word_1_41' title='bbox 218 1061 333 1139; x_wconf 82' lang='lat' dir='ltr'>egestas.</span> <span class='ocrx_word' id='word_1_42' title='bbox 360 1059 486 1119; x_wconf 89' lang='lat' dir='ltr'>Voculae</span> <span class='ocrx_word' id='word_1_43' title='bbox 504 1061 672 1133; x_wconf 68' lang='lat' dir='ltr'>potiusquam</span> <span class='ocrx_word' id='word_1_44' title='bbox 684 1057 713 1119; x_wconf 92' lang='lat' dir='ltr'>se</span> <span class='ocrx_word' id='word_1_45' title='bbox 727 982 1152 1156; x_wconf 43' lang='lat' dir='ltr'>mmmm</span> 
     </span>
     <span class='ocr_line' id='line_1_7' title="bbox 146 1078 1154 1215; baseline 0 -11"><span class='ocrx_word' id='word_1_46' title='bbox 146 1140 231 1204; x_wconf 90' lang='lat' dir='ltr'>idest</span> <span class='ocrx_word' id='word_1_47' title='bbox 246 1184 254 1210; x_wconf 96' lang='lat'>,</span> <span class='ocrx_word' id='word_1_48' title='bbox 279 1150 328 1197; x_wconf 89' lang='lat' dir='ltr'>tua</span> <span class='ocrx_word' id='word_1_49' title='bbox 347 1137 470 1195; x_wconf 85' lang='lat' dir='ltr'>hominis</span> <span class='ocrx_word' id='word_1_50' title='bbox 483 1151 585 1211; x_wconf 86' lang='lat' dir='ltr'><strong>nempe</strong></span> <span class='ocrx_word' id='word_1_51' title='bbox 598 1134 733 1198; x_wconf 86' lang='lat' dir='ltr'>mortalis.</span> <span class='ocrx_word' id='word_1_52' title='bbox 758 1078 848 1212; x_wconf 43' lang='lat' dir='ltr'>supra</span> <span class='ocrx_word' id='word_1_53' title='bbox 863 1136 1012 1215; x_wconf 85' lang='lat' dir='ltr'>inpriore</span> <span class='ocrx_word' id='word_1_54' title='bbox 1026 1140 1154 1203; x_wconf 72' lang='lat' dir='ltr'>Drlserta</span> 
     </span>
     <span class='ocr_line' id='line_1_8' title="bbox 149 1209 1155 1297; baseline 0.001 -18"><span class='ocrx_word' id='word_1_55' title='bbox 149 1222 230 1279; x_wconf 90' lang='lat' dir='ltr'>tione</span> <span class='ocrx_word' id='word_1_56' title='bbox 244 1218 300 1288; x_wconf 76' lang='lat' dir='ltr'>iarn</span> <span class='ocrx_word' id='word_1_57' title='bbox 314 1213 445 1273; x_wconf 90' lang='lat' dir='ltr'>nonnihil</span> <span class='ocrx_word' id='word_1_58' title='bbox 459 1210 494 1270; x_wconf 92' lang='lat' dir='ltr'>de</span> <span class='ocrx_word' id='word_1_59' title='bbox 508 1213 561 1271; x_wconf 92' lang='lat' dir='ltr'>bac</span> <span class='ocrx_word' id='word_1_60' title='bbox 573 1209 641 1286; x_wconf 65' lang='grc' dir='ltr'><strong><em>’ῥόαι</em></strong></span> <span class='ocrx_word' id='word_1_61' title='bbox 653 1213 826 1273; x_wconf 86' lang='lat' dir='ltr'>monuimus.</span> <span class='ocrx_word' id='word_1_62' title='bbox 845 1214 942 1274; x_wconf 87' lang='lat' dir='ltr'>Porro</span> <span class='ocrx_word' id='word_1_63' title='bbox 954 1214 1155 1297; x_wconf 65' lang='lat' dir='ltr'>aestatim</span> 
     </span>
     <span class='ocr_line' id='line_1_9' title="bbox 150 1285 1154 1375; baseline 0.012 -31"><span class='ocrx_word' id='word_1_64' title='bbox 150 1312 164 1355; x_wconf 70' lang='lat'><em>2</em></span> <span class='ocrx_word' id='word_1_65' title='bbox 184 1291 298 1368; x_wconf 70' lang='lat' dir='ltr'>estatem,</span> <span class='ocrx_word' id='word_1_66' title='bbox 318 1290 407 1347; x_wconf 86' lang='lat' dir='ltr'>domno</span> <span class='ocrx_word' id='word_1_67' title='bbox 428 1285 476 1364; x_wconf 66' lang='lat' dir='ltr'><em>ff</em></span> <span class='ocrx_word' id='word_1_68' title='bbox 496 1288 523 1347; x_wconf 81' lang='lat' dir='ltr'>dt</span> <span class='ocrx_word' id='word_1_69' title='bbox 543 1287 639 1346; x_wconf 86' lang='lat' dir='ltr'>stmilla</span> <span class='ocrx_word' id='word_1_70' title='bbox 650 1287 737 1348; x_wconf 82' lang='lat' dir='ltr'>latine</span> <span class='ocrx_word' id='word_1_71' title='bbox 750 1288 898 1362; x_wconf 86' lang='lat' dir='ltr'>dicuntur,</span> <span class='ocrx_word' id='word_1_72' title='bbox 919 1292 1154 1375; x_wconf 69' lang='lat' dir='ltr'>atsndmeffo</span> 
     </span>
     <span class='ocr_line' id='line_1_10' title="bbox 162 1314 1152 1449; baseline 0.001 -18"><span class='ocrx_word' id='word_1_73' title='bbox 162 1314 234 1431; x_wconf 55' lang='lat' dir='ltr'>Asane</span> <span class='ocrx_word' id='word_1_74' title='bbox 246 1367 367 1427; x_wconf 88' lang='lat' dir='ltr'>insolens</span> <span class='ocrx_word' id='word_1_75' title='bbox 378 1363 503 1435; x_wconf 91' lang='lat' dir='ltr'>videtur,</span> <span class='ocrx_word' id='word_1_76' title='bbox 522 1380 628 1440; x_wconf 84' lang='lat' dir='ltr'>aequae</span> <span class='ocrx_word' id='word_1_77' title='bbox 641 1381 674 1423; x_wconf 89' lang='lat' dir='ltr'>ac</span> <span class='ocrx_word' id='word_1_78' title='bbox 685 1367 851 1435; x_wconf 68' lang='lat' dir='ltr'>inmutare,</span> <span class='ocrx_word' id='word_1_79' title='bbox 872 1367 1049 1446; x_wconf 80' lang='lat' dir='ltr'>indedtctrt,</span> <span class='ocrx_word' id='word_1_80' title='bbox 1060 1375 1152 1449; x_wconf 79' lang='lat' dir='ltr'>inpro-</span> 
     </span>
     <span class='ocr_line' id='line_1_11' title="bbox 149 1391 1007 1525; baseline 0.009 -24"><span class='ocrx_word' id='word_1_81' title='bbox 149 1391 271 1525; x_wconf 52' lang='lat' dir='ltr'>Kioeffr,</span> <span class='ocrx_word' id='word_1_82' title='bbox 292 1443 320 1501; x_wconf 78' lang='lat' dir='ltr'>dt</span> <span class='ocrx_word' id='word_1_83' title='bbox 334 1440 430 1501; x_wconf 89' lang='lat' dir='ltr'>snnilla</span> <span class='ocrx_word' id='word_1_84' title='bbox 442 1440 603 1513; x_wconf 85' lang='lat' dir='ltr'>hujusmodl</span> <span class='ocrx_word' id='word_1_85' title='bbox 615 1441 706 1518; x_wconf 87' lang='lat' dir='ltr'>plura.</span> <span class='ocrx_word' id='word_1_86' title='bbox 734 1441 846 1503; x_wconf 83' lang='lat' dir='ltr'><strong>Ibidem</strong></span> <span class='ocrx_word' id='word_1_87' title='bbox 857 1442 937 1505; x_wconf 90' lang='lat' dir='ltr'>Dist.</span> <span class='ocrx_word' id='word_1_88' title='bbox 954 1463 1007 1509; x_wconf 72' lang='grc' dir='ltr'>ιι..</span> 
     </span>
     <span class='ocr_line' id='line_1_12' title="bbox 222 1515 871 1610; baseline 0.008 -4"><span class='ocrx_word' id='word_1_89' title='bbox 222 1552 225 1557; x_wconf 90' lang='grc'><strong>-</strong></span> <span class='ocrx_word' id='word_1_90' title='bbox 265 1517 600 1610; x_wconf 65' lang='lat' dir='ltr'>Duiiiviuvi·</span> <span class='ocrx_word' id='word_1_91' title='bbox 621 1515 659 1588; x_wconf 79' lang='lat' dir='ltr'>a</span> <span class='ocrx_word' id='word_1_92' title='bbox 672 1535 751 1610; x_wconf 66' lang='lat' dir='ltr'>ev</span> <span class='ocrx_word' id='word_1_93' title='bbox 763 1520 871 1610; x_wconf 64' lang='lat' dir='ltr'>arii</span> 
     </span>
    </p>

    <p class='ocr_par' dir='ltr' id='par_1_5' title="bbox 76 1591 1156 2272">
     <span class='ocr_line' id='line_1_13' title="bbox 76 1591 1152 1763; baseline 0.013 -32"><span class='ocrx_word' id='word_1_94' title='bbox 76 1720 79 1731; x_wconf 95' lang='lat'><em>.</em></span> <span class='ocrx_word' id='word_1_95' title='bbox 151 1591 541 1743; x_wconf 61' lang='lat' dir='ltr'>01,1m,5}¹{,“{,&#39;¹,f}{1,&#39;¹,&#39;{„‘¹{{’</span> <span class='ocrx_word' id='word_1_96' title='bbox 553 1594 979 1763; x_wconf 47' lang='lat' dir='ltr'>erermcgrrntgampfflssadnos</span> <span class='ocrx_word' id='word_1_97' title='bbox 999 1680 1152 1744; x_wconf 74' lang='lat' dir='ltr'>Bernartius</span> 
     </span>
     <span class='ocr_line' id='line_1_14' title="bbox 153 1747 1151 1834; baseline 0.014 -27"><span class='ocrx_word' id='word_1_98' title='bbox 153 1751 311 1832; x_wconf 78' lang='lat' dir='ltr'>Geystensts</span> <span class='ocrx_word' id='word_1_99' title='bbox 332 1749 348 1809; x_wconf 79' lang='lat' dir='ltr'>i</span> <span class='ocrx_word' id='word_1_100' title='bbox 368 1749 498 1809; x_wconf 90' lang='lat' dir='ltr'>Daumio.</span> <span class='ocrx_word' id='word_1_101' title='bbox 512 1747 602 1808; x_wconf 88' lang='lat' dir='ltr'>editus</span> <span class='ocrx_word' id='word_1_102' title='bbox 620 1747 744 1809; x_wconf 79' lang='lat' dir='ltr'>laudavit</span> <span class='ocrx_word' id='word_1_103' title='bbox 762 1749 881 1826; x_wconf 87' lang='lat' dir='ltr'>Palpon.</span> <span class='ocrx_word' id='word_1_104' title='bbox 896 1755 969 1814; x_wconf 88' lang='lat' dir='ltr'><strong>Lib.</strong></span> <span class='ocrx_word' id='word_1_105' title='bbox 985 1772 1022 1819; x_wconf 86' lang='lat' dir='ltr'>n.</span> <span class='ocrx_word' id='word_1_106' title='bbox 1043 1764 1151 1834; x_wconf 50' lang='lat'>1154.</span> 
     </span>
     <span class='ocr_line' id='line_1_15' title="bbox 152 1821 1151 1910; baseline 0.006 -28"><span class='ocrx_word' id='word_1_107' title='bbox 152 1830 247 1892; x_wconf 73' lang='lat' dir='ltr'>Nonne</span> <span class='ocrx_word' id='word_1_108' title='bbox 259 1826 349 1886; x_wconf 67' lang='lat' dir='ltr'>Colore</span> <span class='ocrx_word' id='word_1_109' title='bbox 363 1824 460 1885; x_wconf 69' lang='lat' dir='ltr'>docem</span> <span class='ocrx_word' id='word_1_110' title='bbox 472 1822 569 1902; x_wconf 70' lang='lat' dir='ltr'>refers:</span> <span class='ocrx_word' id='word_1_111' title='bbox 592 1821 878 1900; x_wconf 65' lang='lat' dir='ltr'>Ttbsproxstnwtlsu?</span> <span class='ocrx_word' id='word_1_112' title='bbox 895 1830 1046 1910; x_wconf 74' lang='lat' dir='ltr'>scaligero</span> <span class='ocrx_word' id='word_1_113' title='bbox 1060 1837 1151 1896; x_wconf 72' lang='lat' dir='ltr'>hicu-</span> 
     </span>
     <span class='ocr_line' id='line_1_16' title="bbox 151 1900 1153 1980; baseline 0.014 -18"><span class='ocrx_word' id='word_1_114' title='bbox 151 1924 198 1967; x_wconf 64' lang='grc' dir='ltr'>ηις</span> <span class='ocrx_word' id='word_1_115' title='bbox 208 1906 296 1964; x_wconf 69' lang='lat' dir='ltr'>unius</span> <span class='ocrx_word' id='word_1_116' title='bbox 307 1919 367 1963; x_wconf 93' lang='lat' dir='ltr'>non</span> <span class='ocrx_word' id='word_1_117' title='bbox 382 1904 522 1963; x_wconf 87' lang='lat' dir='ltr'>immerito</span> <span class='ocrx_word' id='word_1_118' title='bbox 534 1900 673 1979; x_wconf 87' lang='lat' dir='ltr'>displicuit</span> <span class='ocrx_word' id='word_1_119' title='bbox 684 1902 772 1963; x_wconf 71' lang='lat' dir='ltr'>active</span> <span class='ocrx_word' id='word_1_120' title='bbox 787 1902 940 1980; x_wconf 89' lang='lat' dir='ltr'>sumptum.</span> <span class='ocrx_word' id='word_1_121' title='bbox 973 1911 1086 1974; x_wconf 83' lang='lat' dir='ltr'>Melius</span> <span class='ocrx_word' id='word_1_122' title='bbox 1098 1917 1153 1975; x_wconf 83' lang='lat' dir='ltr'>llo</span> 
     </span>
     <span class='ocr_line' id='line_1_17' title="bbox 152 1975 1156 2066; baseline 0.009 -24"><span class='ocrx_word' id='word_1_123' title='bbox 152 1985 239 2047; x_wconf 85' lang='lat' dir='ltr'>ratius</span> <span class='ocrx_word' id='word_1_124' title='bbox 259 1980 324 2041; x_wconf 87' lang='lat' dir='ltr'>Lib.</span> <span class='ocrx_word' id='word_1_125' title='bbox 345 1996 368 2040; x_wconf 87' lang='lat' dir='ltr'>t.</span> <span class='ocrx_word' id='word_1_126' title='bbox 389 1980 447 2040; x_wconf 81' lang='lat' dir='ltr'>Sat.</span> <span class='ocrx_word' id='word_1_127' title='bbox 466 1997 508 2038; x_wconf 90' lang='lat' dir='ltr'>v1.</span> <span class='ocrx_word' id='word_1_128' title='bbox 532 1982 566 2045; x_wconf 63' lang='grc' dir='ltr'>ἲ.</span> <span class='ocrx_word' id='word_1_129' title='bbox 589 1994 634 2052; x_wconf 81' lang='lat'>71.</span> <span class='ocrx_word' id='word_1_130' title='bbox 646 1976 674 2055; x_wconf 74' lang='lat' dir='ltr'><em>fi</em></span> <span class='ocrx_word' id='word_1_131' title='bbox 689 1975 727 2050; x_wconf 64' lang='grc' dir='ltr'>ἃ</span> <span class='ocrx_word' id='word_1_132' title='bbox 738 1981 797 2050; x_wconf 77' lang='lat' dir='ltr'>viat</span> <span class='ocrx_word' id='word_1_133' title='bbox 808 1999 886 2040; x_wconf 76' lang='lat' dir='ltr'>carru</span> <span class='ocrx_word' id='word_1_134' title='bbox 896 1986 1000 2043; x_wconf 56' lang='lat' dir='ltr'>aucit</span> <span class='ocrx_word' id='word_1_135' title='bbox 1024 1987 1156 2066; x_wconf 72' lang='lat' dir='ltr'>Proftl‘n</span> 
     </span>
     <span class='ocr_line' id='line_1_18' title="bbox 153 2053 1154 2133; baseline 0.006 -12"><span class='ocrx_word' id='word_1_136' title='bbox 153 2061 238 2121; x_wconf 89' lang='lat' dir='ltr'>nimis</span> <span class='ocrx_word' id='word_1_137' title='bbox 252 2069 358 2118; x_wconf 89' lang='lat' dir='ltr'>temere</span> <span class='ocrx_word' id='word_1_138' title='bbox 369 2053 450 2114; x_wconf 78' lang='lat' dir='ltr'>dando</span> <span class='ocrx_word' id='word_1_139' title='bbox 460 2055 589 2116; x_wconf 90' lang='lat' dir='ltr'>censebat</span> <span class='ocrx_word' id='word_1_140' title='bbox 601 2054 811 2133; x_wconf 88' lang='lat' dir='ltr'>reponendum,</span> <span class='ocrx_word' id='word_1_141' title='bbox 826 2058 864 2119; x_wconf 80' lang='lat' dir='ltr'>sc</span> <span class='ocrx_word' id='word_1_142' title='bbox 878 2072 911 2119; x_wconf 91' lang='lat' dir='ltr'>ut</span> <span class='ocrx_word' id='word_1_143' title='bbox 922 2078 990 2121; x_wconf 87' lang='lat' dir='ltr'>cum</span> <span class='ocrx_word' id='word_1_144' title='bbox 1006 2082 1084 2124; x_wconf 80' lang='lat' dir='ltr'>corat</span> <span class='ocrx_word' id='word_1_145' title='bbox 1094 2084 1154 2127; x_wconf 76' lang='lat' dir='ltr'>corr</span> 
     </span>
     <span class='ocr_line' id='line_1_19' title="bbox 152 2132 1155 2205; baseline 0.008 -7"><span class='ocrx_word' id='word_1_146' title='bbox 152 2135 314 2198; x_wconf 83' lang='lat' dir='ltr'>strueretur.</span> <span class='ocrx_word' id='word_1_147' title='bbox 333 2132 373 2191; x_wconf 87' lang='lat' dir='ltr'>At</span> <span class='ocrx_word' id='word_1_148' title='bbox 386 2132 475 2192; x_wconf 89' lang='lat' dir='ltr'>multo</span> <span class='ocrx_word' id='word_1_149' title='bbox 489 2134 600 2194; x_wconf 87' lang='lat' dir='ltr'>minore</span> <span class='ocrx_word' id='word_1_150' title='bbox 612 2134 768 2194; x_wconf 82' lang='lat' dir='ltr'>mutatione</span> <span class='ocrx_word' id='word_1_151' title='bbox 780 2134 882 2196; x_wconf 68' lang='lat' dir='ltr'>rectius</span> <span class='ocrx_word' id='word_1_152' title='bbox 894 2135 925 2197; x_wconf 80' lang='lat' dir='ltr'>de</span> <span class='ocrx_word' id='word_1_153' title='bbox 939 2142 997 2201; x_wconf 89' lang='lat' dir='ltr'>toti</span> <span class='ocrx_word' id='word_1_154' title='bbox 1011 2142 1082 2204; x_wconf 87' lang='lat' dir='ltr'>loco</span> <span class='ocrx_word' id='word_1_155' title='bbox 1094 2161 1155 2205; x_wconf 83' lang='lat' dir='ltr'>oon·</span> 
     </span>
     <span class='ocr_line' id='line_1_20' title="bbox 154 2208 537 2272; baseline -0.01 0"><span class='ocrx_word' id='word_1_156' title='bbox 154 2211 314 2272; x_wconf 87' lang='lat' dir='ltr'>venientius</span> <span class='ocrx_word' id='word_1_157' title='bbox 329 2208 537 2268; x_wconf 83' lang='lat' dir='ltr'>emendabitur:</span> 
     </span>
    </p>

    <p class='ocr_par' dir='ltr' id='par_1_6' title="bbox 153 2282 1159 3977">
     <span class='ocr_line' id='line_1_21' title="bbox 265 2282 890 2379; baseline 0.013 -36"><span class='ocrx_word' id='word_1_158' title='bbox 265 2282 381 2360; x_wconf 74' lang='lat' dir='ltr'>Dupfilis</span> <span class='ocrx_word' id='word_1_159' title='bbox 391 2285 516 2375; x_wconf 63' lang='lat' dir='ltr'>smerdem</span> <span class='ocrx_word' id='word_1_160' title='bbox 530 2287 611 2354; x_wconf 73' lang='lat' dir='ltr'>nmis,</span> <span class='ocrx_word' id='word_1_161' title='bbox 631 2283 773 2377; x_wconf 75' lang='lat' dir='ltr'>&amp;largus</span> <span class='ocrx_word' id='word_1_162' title='bbox 785 2290 890 2379; x_wconf 66' lang='grc' dir='ltr'>φηέεἰε.</span> 
     </span>
     <span class='ocr_line' id='line_1_22' title="bbox 154 2358 1158 2524; baseline 0.007 -23"><span class='ocrx_word' id='word_1_163' title='bbox 154 2434 203 2502; x_wconf 81' lang='lat' dir='ltr'>Sic</span> <span class='ocrx_word' id='word_1_164' title='bbox 219 2358 713 2496; x_wconf 41' lang='lat' dir='ltr'>itergrtduzmsrsessssilfrermpelssm</span> <span class='ocrx_word' id='word_1_165' title='bbox 745 2362 981 2518; x_wconf 46' lang='grc' dir='ltr'>ιῗιῗαΐίεῑβέἕω,</span> <span class='ocrx_word' id='word_1_166' title='bbox 999 2466 1053 2506; x_wconf 83' lang='lat' dir='ltr'>non</span> <span class='ocrx_word' id='word_1_167' title='bbox 1063 2464 1158 2524; x_wconf 74' lang='lat' dir='ltr'>parcat</span> 
     </span>
     <span class='ocr_line' id='line_1_23' title="bbox 154 2510 1154 2589; baseline 0.012 -16"><span class='ocrx_word' id='word_1_168' title='bbox 154 2516 253 2574; x_wconf 67' lang='lat' dir='ltr'>ambit.</span> <span class='ocrx_word' id='word_1_169' title='bbox 272 2514 309 2571; x_wconf 83' lang='lat' dir='ltr'>Et</span> <span class='ocrx_word' id='word_1_170' title='bbox 322 2510 450 2582; x_wconf 88' lang='lat' dir='ltr'>constat,</span> <span class='ocrx_word' id='word_1_171' title='bbox 463 2512 615 2573; x_wconf 74' lang='lat' dir='ltr'>Auserem</span> <span class='ocrx_word' id='word_1_172' title='bbox 630 2516 767 2575; x_wconf 93' lang='lat' dir='ltr'>nonnulla</span> <span class='ocrx_word' id='word_1_173' title='bbox 780 2519 810 2577; x_wconf 91' lang='lat' dir='ltr'>in</span> <span class='ocrx_word' id='word_1_174' title='bbox 825 2520 866 2580; x_wconf 86' lang='lat' dir='ltr'>his</span> <span class='ocrx_word' id='word_1_175' title='bbox 879 2520 992 2581; x_wconf 77' lang='lat' dir='ltr'>labellis</span> <span class='ocrx_word' id='word_1_176' title='bbox 1007 2525 1154 2589; x_wconf 87' lang='lat' dir='ltr'>interdtnn</span> 
     </span>
     <span class='ocr_line' id='line_1_24' title="bbox 154 2586 1155 2676; baseline 0.013 -25"><span class='ocrx_word' id='word_1_177' title='bbox 154 2608 270 2669; x_wconf 86' lang='lat' dir='ltr'>quoque</span> <span class='ocrx_word' id='word_1_178' title='bbox 283 2586 380 2649; x_wconf 88' lang='lat' dir='ltr'>iisdem</span> <span class='ocrx_word' id='word_1_179' title='bbox 397 2602 518 2649; x_wconf 90' lang='lat' dir='ltr'>autnon</span> <span class='ocrx_word' id='word_1_180' title='bbox 531 2589 702 2651; x_wconf 85' lang='lat' dir='ltr'>dillimllibus</span> <span class='ocrx_word' id='word_1_181' title='bbox 715 2596 809 2655; x_wconf 89' lang='lat' dir='ltr'>verbis</span> <span class='ocrx_word' id='word_1_182' title='bbox 823 2610 963 2674; x_wconf 83' lang='lat' dir='ltr'>repetere,</span> <span class='ocrx_word' id='word_1_183' title='bbox 981 2602 1064 2676; x_wconf 87' lang='lat' dir='ltr'>quod</span> <span class='ocrx_word' id='word_1_184' title='bbox 1075 2605 1155 2664; x_wconf 84' lang='lat' dir='ltr'>Box-</span> 
     </span>
     <span class='ocr_line' id='line_1_25' title="bbox 153 2666 1157 2750; baseline 0.011 -19"><span class='ocrx_word' id='word_1_185' title='bbox 153 2671 271 2732; x_wconf 86' lang='lat' dir='ltr'>homius</span> <span class='ocrx_word' id='word_1_186' title='bbox 292 2668 374 2725; x_wconf 86' lang='lat' dir='ltr'>nimis</span> <span class='ocrx_word' id='word_1_187' title='bbox 398 2667 554 2743; x_wconf 85' lang='lat' dir='ltr'>perversam</span> <span class='ocrx_word' id='word_1_188' title='bbox 575 2666 611 2727; x_wconf 88' lang='lat' dir='ltr'>de</span> <span class='ocrx_word' id='word_1_189' title='bbox 630 2669 773 2744; x_wconf 89' lang='lat' dir='ltr'>Scriptore</span> <span class='ocrx_word' id='word_1_190' title='bbox 794 2674 959 2750; x_wconf 81' lang='lat' dir='ltr'><strong>opinionem</strong></span> <span class='ocrx_word' id='word_1_191' title='bbox 979 2676 1086 2740; x_wconf 74' lang='lat' dir='ltr'>lovena</span> <span class='ocrx_word' id='word_1_192' title='bbox 1100 2682 1157 2742; x_wconf 81' lang='lat' dir='ltr'>sune</span> 
     </span>
     <span class='ocr_line' id='line_1_26' title="bbox 156 2741 1155 2831; baseline 0.014 -25"><span class='ocrx_word' id='word_1_193' title='bbox 156 2747 237 2806; x_wconf 71' lang='lat' dir='ltr'>musa</span> <span class='ocrx_word' id='word_1_194' title='bbox 250 2747 279 2805; x_wconf 91' lang='lat' dir='ltr'>in</span> <span class='ocrx_word' id='word_1_195' title='bbox 294 2741 445 2804; x_wconf 89' lang='lat' dir='ltr'>suadebis</span> <span class='ocrx_word' id='word_1_196' title='bbox 461 2742 594 2803; x_wconf 87' lang='lat' dir='ltr'>Distichis</span> <span class='ocrx_word' id='word_1_197' title='bbox 609 2745 952 2812; x_wconf 82' lang='lat' dir='ltr'>Diffenationeerrsrbilat</span> <span class='ocrx_word' id='word_1_198' title='bbox 972 2755 1093 2817; x_wconf 82' lang='lat' dir='ltr'>causan</span> <span class='ocrx_word' id='word_1_199' title='bbox 1099 2762 1155 2831; x_wconf 85' lang='lat' dir='ltr'>ejus</span> 
     </span>
     <span class='ocr_line' id='line_1_27' title="bbox 154 2820 1155 2896; baseline 0.011 -11"><span class='ocrx_word' id='word_1_200' title='bbox 154 2825 196 2886; x_wconf 75' lang='lat' dir='ltr'>vei</span> <span class='ocrx_word' id='word_1_201' title='bbox 219 2825 290 2883; x_wconf 89' lang='lat' dir='ltr'>hanc</span> <span class='ocrx_word' id='word_1_202' title='bbox 307 2820 387 2881; x_wconf 80' lang='lat' dir='ltr'>fuisse</span> <span class='ocrx_word' id='word_1_203' title='bbox 406 2822 525 2896; x_wconf 84' lang='lat' dir='ltr'>opinor,</span> <span class='ocrx_word' id='word_1_204' title='bbox 545 2821 623 2896; x_wconf 88' lang='lat' dir='ltr'>quod</span> <span class='ocrx_word' id='word_1_205' title='bbox 642 2823 749 2883; x_wconf 76' lang='lat' dir='ltr'>Autror</span> <span class='ocrx_word' id='word_1_206' title='bbox 769 2826 838 2886; x_wconf 87' lang='lat' dir='ltr'>haec</span> <span class='ocrx_word' id='word_1_207' title='bbox 851 2827 983 2889; x_wconf 86' lang='lat' dir='ltr'>Disticha</span> <span class='ocrx_word' id='word_1_208' title='bbox 996 2850 1059 2893; x_wconf 92' lang='lat' dir='ltr'>non</span> <span class='ocrx_word' id='word_1_209' title='bbox 1075 2839 1155 2896; x_wconf 84' lang='lat' dir='ltr'>conti·</span> 
     </span>
     <span class='ocr_line' id='line_1_28' title="bbox 155 2897 1154 2980; baseline 0.011 -18"><span class='ocrx_word' id='word_1_210' title='bbox 155 2918 215 2962; x_wconf 92' lang='lat' dir='ltr'>nuo</span> <span class='ocrx_word' id='word_1_211' title='bbox 237 2901 355 2969; x_wconf 86' lang='lat' dir='ltr'>labore,</span> <span class='ocrx_word' id='word_1_212' title='bbox 377 2897 405 2956; x_wconf 79' lang='lat' dir='ltr'>dc</span> <span class='ocrx_word' id='word_1_213' title='bbox 417 2898 483 2956; x_wconf 88' lang='lat' dir='ltr'>huic</span> <span class='ocrx_word' id='word_1_214' title='bbox 495 2899 545 2956; x_wconf 87' lang='lat' dir='ltr'>uni</span> <span class='ocrx_word' id='word_1_215' title='bbox 556 2916 639 2958; x_wconf 88' lang='lat' dir='ltr'>curae</span> <span class='ocrx_word' id='word_1_216' title='bbox 652 2911 711 2960; x_wconf 86' lang='lat' dir='ltr'>turn</span> <span class='ocrx_word' id='word_1_217' title='bbox 724 2917 825 2961; x_wconf 85' lang='lat' dir='ltr'>vacans</span> <span class='ocrx_word' id='word_1_218' title='bbox 841 2903 1000 2980; x_wconf 86' lang='lat' dir='ltr'>scripserit,</span> <span class='ocrx_word' id='word_1_219' title='bbox 1015 2911 1065 2970; x_wconf 90' lang='lat' dir='ltr'>sed</span> <span class='ocrx_word' id='word_1_220' title='bbox 1080 2915 1154 2972; x_wconf 81' lang='lat' dir='ltr'>variis</span> 
     </span>
     <span class='ocr_line' id='line_1_29' title="bbox 154 2973 1153 3059; baseline 0.015 -24"><span class='ocrx_word' id='word_1_221' title='bbox 154 2977 328 3052; x_wconf 87' lang='lat' dir='ltr'>temporibus</span> <span class='ocrx_word' id='word_1_222' title='bbox 350 2973 378 3033; x_wconf 90' lang='lat'>&amp;</span> <span class='ocrx_word' id='word_1_223' title='bbox 396 2974 613 3046; x_wconf 80' lang='lat' dir='ltr'>occasionibus,</span> <span class='ocrx_word' id='word_1_224' title='bbox 638 2993 703 3036; x_wconf 86' lang='lat' dir='ltr'>cunr</span> <span class='ocrx_word' id='word_1_225' title='bbox 722 2976 827 3054; x_wconf 89' lang='lat' dir='ltr'>aliquid</span> <span class='ocrx_word' id='word_1_226' title='bbox 845 2983 877 3040; x_wconf 88' lang='lat' dir='ltr'>in</span> <span class='ocrx_word' id='word_1_227' title='bbox 890 2998 1020 3045; x_wconf 88' lang='lat' dir='ltr'>mentem</span> <span class='ocrx_word' id='word_1_228' title='bbox 1036 2992 1153 3059; x_wconf 87' lang='lat' dir='ltr'>veniret,</span> 
     </span>
     <span class='ocr_line' id='line_1_30' title="bbox 155 3050 1154 3134; baseline 0.012 -21"><span class='ocrx_word' id='word_1_229' title='bbox 155 3068 204 3113; x_wconf 88' lang='lat' dir='ltr'>aut</span> <span class='ocrx_word' id='word_1_230' title='bbox 221 3064 322 3111; x_wconf 84' lang='lat' dir='ltr'>notatu</span> <span class='ocrx_word' id='word_1_231' title='bbox 345 3050 373 3109; x_wconf 93' lang='lat' dir='ltr'>di</span> <span class='ocrx_word' id='word_1_232' title='bbox 413 3069 461 3111; x_wconf 90' lang='lat' dir='ltr'>um</span> <span class='ocrx_word' id='word_1_233' title='bbox 478 3053 507 3110; x_wconf 92' lang='lat' dir='ltr'>in</span> <span class='ocrx_word' id='word_1_234' title='bbox 530 3052 612 3113; x_wconf 79' lang='lat' dir='ltr'>bonis</span> <span class='ocrx_word' id='word_1_235' title='bbox 629 3054 836 3130; x_wconf 82' lang='lat' dir='ltr'>scriptoribus,</span> <span class='ocrx_word' id='word_1_236' title='bbox 857 3060 1027 3134; x_wconf 87' lang='lat' dir='ltr'>praesertim</span> <span class='ocrx_word' id='word_1_237' title='bbox 1048 3066 1154 3127; x_wconf 84' lang='lat' dir='ltr'>verbio</span> 
     </span>
     <span class='ocr_line' id='line_1_31' title="bbox 153 3068 1156 3216; baseline 0.015 -30"><span class='ocrx_word' id='word_1_238' title='bbox 153 3130 277 3191; x_wconf 85' lang='lat' dir='ltr'>Horatio</span> <span class='ocrx_word' id='word_1_239' title='bbox 298 3068 411 3202; x_wconf 45' lang='lat' dir='ltr'>legiis&amp;¹</span> <span class='ocrx_word' id='word_1_240' title='bbox 417 3170 424 3197; x_wconf 99' lang='lat'>,</span> <span class='ocrx_word' id='word_1_241' title='bbox 452 3127 517 3186; x_wconf 90' lang='lat' dir='ltr'>inde</span> <span class='ocrx_word' id='word_1_242' title='bbox 536 3146 668 3204; x_wconf 88' lang='lat' dir='ltr'>gnomam</span> <span class='ocrx_word' id='word_1_243' title='bbox 689 3132 804 3190; x_wconf 89' lang='lat' dir='ltr'>brevem</span> <span class='ocrx_word' id='word_1_244' title='bbox 817 3133 1046 3216; x_wconf 83' lang='lat' dir='ltr'>&amp;praeceptum</span> <span class='ocrx_word' id='word_1_245' title='bbox 1058 3144 1156 3203; x_wconf 82' lang='lat' dir='ltr'>morale</span> 
     </span>
     <span class='ocr_line' id='line_1_32' title="bbox 156 3202 1155 3284; baseline 0.015 -21"><span class='ocrx_word' id='word_1_246' title='bbox 156 3203 333 3272; x_wconf 84' lang='lat' dir='ltr'>confecerit,</span> <span class='ocrx_word' id='word_1_247' title='bbox 360 3202 491 3281; x_wconf 89' lang='lat' dir='ltr'>deinceps</span> <span class='ocrx_word' id='word_1_248' title='bbox 510 3215 625 3277; x_wconf 85' lang='lat' dir='ltr'>autem,</span> <span class='ocrx_word' id='word_1_249' title='bbox 650 3207 797 3284; x_wconf 85' lang='lat' dir='ltr'>postquam</span> <span class='ocrx_word' id='word_1_250' title='bbox 815 3226 953 3274; x_wconf 85' lang='lat' dir='ltr'>numerus</span> <span class='ocrx_word' id='word_1_251' title='bbox 966 3217 1155 3282; x_wconf 87' lang='lat' dir='ltr'>Disticborun</span> 
     </span>
     <span class='ocr_line' id='line_1_33' title="bbox 155 3277 1157 3366; baseline 0.021 -27"><span class='ocrx_word' id='word_1_252' title='bbox 155 3281 184 3340; x_wconf 78' lang='lat' dir='ltr'>dc</span> <span class='ocrx_word' id='word_1_253' title='bbox 205 3277 402 3338; x_wconf 83' lang='lat' dir='ltr'>sententiarum</span> <span class='ocrx_word' id='word_1_254' title='bbox 422 3283 451 3341; x_wconf 91' lang='lat' dir='ltr'>in</span> <span class='ocrx_word' id='word_1_255' title='bbox 470 3282 647 3358; x_wconf 80' lang='lat' dir='ltr'>grandiorem</span> <span class='ocrx_word' id='word_1_256' title='bbox 667 3301 798 3345; x_wconf 86' lang='lat' dir='ltr'>acervum</span> <span class='ocrx_word' id='word_1_257' title='bbox 819 3289 877 3359; x_wconf 82' lang='lat' dir='ltr'>jam</span> <span class='ocrx_word' id='word_1_258' title='bbox 896 3308 1054 3366; x_wconf 76' lang='lat' dir='ltr'>creverat,</span> <span class='ocrx_word' id='word_1_259' title='bbox 1080 3300 1157 3360; x_wconf 75' lang='lat' dir='ltr'>etit</span> 
     </span>
     <span class='ocr_line' id='line_1_34' title="bbox 153 3355 1121 3450; baseline 0.018 -31"><span class='ocrx_word' id='word_1_260' title='bbox 153 3360 241 3419; x_wconf 85' lang='lat' dir='ltr'>unum</span> <span class='ocrx_word' id='word_1_261' title='bbox 263 3355 421 3416; x_wconf 88' lang='lat' dir='ltr'>fasciculum</span> <span class='ocrx_word' id='word_1_262' title='bbox 443 3359 602 3434; x_wconf 83' lang='lat' dir='ltr'>collegerit,</span> <span class='ocrx_word' id='word_1_263' title='bbox 622 3362 652 3419; x_wconf 89' lang='lat' dir='ltr'>in</span> <span class='ocrx_word' id='word_1_264' title='bbox 672 3375 764 3422; x_wconf 87' lang='lat' dir='ltr'>certos</span> <span class='ocrx_word' id='word_1_265' title='bbox 777 3365 883 3425; x_wconf 86' lang='lat' dir='ltr'>Libros</span> <span class='ocrx_word' id='word_1_266' title='bbox 897 3368 1061 3450; x_wconf 79' lang='lat' dir='ltr'>classesque</span> <span class='ocrx_word' id='word_1_267' title='bbox 1077 3373 1121 3435; x_wconf 86' lang='lat' dir='ltr'>dis</span> 
     </span>
     <span class='ocr_line' id='line_1_35' title="bbox 155 3392 1159 3524; baseline 0.016 -29"><span class='ocrx_word' id='word_1_268' title='bbox 155 3436 270 3503; x_wconf 83' lang='lat' dir='ltr'>severit,</span> <span class='ocrx_word' id='word_1_269' title='bbox 291 3432 370 3494; x_wconf 86' lang='lat' dir='ltr'>&amp;ita</span> <span class='ocrx_word' id='word_1_270' title='bbox 384 3433 483 3494; x_wconf 87' lang='lat' dir='ltr'>additis</span> <span class='ocrx_word' id='word_1_271' title='bbox 498 3435 719 3498; x_wconf 85' lang='lat' dir='ltr'>Praefationibus</span> <span class='ocrx_word' id='word_1_272' title='bbox 738 3439 798 3499; x_wconf 88' lang='lat' dir='ltr'>filio</span> <span class='ocrx_word' id='word_1_273' title='bbox 812 3442 862 3501; x_wconf 81' lang='lat' dir='ltr'>sibi</span> <span class='ocrx_word' id='word_1_274' title='bbox 878 3447 1041 3519; x_wconf 84' lang='lat' dir='ltr'>cariffirrro,</span> <span class='ocrx_word' id='word_1_275' title='bbox 1060 3392 1159 3524; x_wconf 48' lang='lat' dir='ltr'>purum</span> 
     </span>
     <span class='ocr_line' id='line_1_36' title="bbox 154 3510 1158 3588; baseline 0.018 -17"><span class='ocrx_word' id='word_1_276' title='bbox 154 3513 327 3581; x_wconf 86' lang='lat' dir='ltr'>Samonico,</span> <span class='ocrx_word' id='word_1_277' title='bbox 350 3510 540 3583; x_wconf 89' lang='lat' dir='ltr'>dedicaverit,</span> <span class='ocrx_word' id='word_1_278' title='bbox 562 3514 652 3573; x_wconf 89' lang='lat' dir='ltr'>itaut</span> <span class='ocrx_word' id='word_1_279' title='bbox 674 3515 752 3576; x_wconf 90' lang='lat' dir='ltr'>srmul</span> <span class='ocrx_word' id='word_1_280' title='bbox 766 3518 821 3576; x_wconf 89' lang='lat' dir='ltr'>toti</span> <span class='ocrx_word' id='word_1_281' title='bbox 876 3519 997 3585; x_wconf 75' lang='lat' dir='ltr'>steriteti</span> <span class='ocrx_word' id='word_1_282' title='bbox 1007 3527 1158 3588; x_wconf 84' lang='lat' dir='ltr'>inserviret.</span> 
     </span>
     <span class='ocr_line' id='line_1_37' title="bbox 154 3537 1156 3669; baseline 0.021 -22"><span class='ocrx_word' id='word_1_283' title='bbox 154 3587 291 3652; x_wconf 88' lang='lat' dir='ltr'>Planudes</span> <span class='ocrx_word' id='word_1_284' title='bbox 314 3585 472 3661; x_wconf 60' lang='lat' dir='ltr'>iurpyrrtule</span> <span class='ocrx_word' id='word_1_285' title='bbox 494 3601 606 3648; x_wconf 87' lang='lat' dir='ltr'>vertens</span> <span class='ocrx_word' id='word_1_286' title='bbox 628 3592 712 3650; x_wconf 85' lang='lat' dir='ltr'>etiarn</span> <span class='ocrx_word' id='word_1_287' title='bbox 729 3593 817 3669; x_wconf 79' lang='lat' dir='ltr'>largus</span> <span class='ocrx_word' id='word_1_288' title='bbox 831 3537 884 3654; x_wconf 65' lang='lat' dir='ltr'>fo</span> <span class='ocrx_word' id='word_1_289' title='bbox 908 3602 1070 3664; x_wconf 86' lang='lat' dir='ltr'>evidetur.</span> <span class='ocrx_word' id='word_1_290' title='bbox 1095 3607 1156 3667; x_wconf 81' lang='lat' dir='ltr'>l&#39;ro·</span> 
     </span>
     <span class='ocr_line' id='line_1_38' title="bbox 174 3663 1157 3760; baseline 0.017 -36"><span class='ocrx_word' id='word_1_291' title='bbox 174 3666 295 3725; x_wconf 78' lang='lat' dir='ltr'>redimus</span> <span class='ocrx_word' id='word_1_292' title='bbox 314 3663 349 3722; x_wconf 87' lang='lat' dir='ltr'>ad</span> <span class='ocrx_word' id='word_1_293' title='bbox 369 3665 433 3724; x_wconf 90' lang='lat' dir='ltr'>Lib.</span> <span class='ocrx_word' id='word_1_294' title='bbox 456 3681 489 3724; x_wconf 90' lang='lat'>11.</span> <span class='ocrx_word' id='word_1_295' title='bbox 511 3666 614 3727; x_wconf 89' lang='lat' dir='ltr'>horum</span> <span class='ocrx_word' id='word_1_296' title='bbox 633 3668 847 3744; x_wconf 88' lang='lat' dir='ltr'>Distichorum,</span> <span class='ocrx_word' id='word_1_297' title='bbox 875 3674 926 3733; x_wconf 90' lang='lat' dir='ltr'>ubi</span> <span class='ocrx_word' id='word_1_298' title='bbox 947 3677 1046 3741; x_wconf 75' lang='lat' dir='ltr'>statim</span> <span class='ocrx_word' id='word_1_299' title='bbox 1066 3680 1157 3760; x_wconf 75' lang='lat' dir='ltr'>inipso</span> 
     </span>
     <span class='ocr_line' id='line_1_39' title="bbox 154 3685 1157 3834; baseline 0.018 -29"><span class='ocrx_word' id='word_1_300' title='bbox 154 3685 333 3805; x_wconf 47' lang='lat' dir='ltr'>§melarione</span> <span class='ocrx_word' id='word_1_301' title='bbox 353 3741 430 3800; x_wconf 88' lang='lat' dir='ltr'>locus</span> <span class='ocrx_word' id='word_1_302' title='bbox 450 3744 573 3802; x_wconf 89' lang='lat' dir='ltr'>occurrit</span> <span class='ocrx_word' id='word_1_303' title='bbox 591 3757 691 3805; x_wconf 86' lang='lat' dir='ltr'>notatu</span> <span class='ocrx_word' id='word_1_304' title='bbox 710 3745 826 3822; x_wconf 89' lang='lat' dir='ltr'>dignus,</span> <span class='ocrx_word' id='word_1_305' title='bbox 847 3747 876 3808; x_wconf 82' lang='lat'>&amp;</span> <span class='ocrx_word' id='word_1_306' title='bbox 895 3753 1055 3834; x_wconf 88' lang='lat' dir='ltr'>multiplici</span> <span class='ocrx_word' id='word_1_307' title='bbox 1072 3774 1157 3822; x_wconf 75' lang='lat' dir='ltr'>mciv</span> 
     </span>
     <span class='ocr_line' id='line_1_40' title="bbox 156 3819 823 3977; baseline 0.013 -27"><span class='ocrx_word' id='word_1_308' title='bbox 156 3819 823 3977; x_wconf 47' lang='grc' dir='ltr'>ωψίῑεὲἕῗέὲῖἓῖὶῖἰ’ἐὲῑὲῗὲἰᾶῗὲθῇιὶ</span> 
     </span>
    </p>

    <p class='ocr_par' dir='ltr' id='par_1_7' title="bbox 207 3923 981 4210">
     <span class='ocr_line' id='line_1_41' title="bbox 823 3923 839 3961; baseline 0 0"><span class='ocrx_word' id='word_1_309' title='bbox 823 3923 839 3961; x_wconf 84' lang='lat' dir='ltr'>o</span> 
     </span>
     <span class='ocr_line' id='line_1_42' title="bbox 207 3972 922 4053; baseline 0.02 -25"><span class='ocrx_word' id='word_1_310' title='bbox 207 3983 209 3987; x_wconf 82' lang='lat'>&#39;</span> <span class='ocrx_word' id='word_1_311' title='bbox 267 3972 401 4029; x_wconf 83' lang='lat' dir='ltr'>Lucanum</span> <span class='ocrx_word' id='word_1_312' title='bbox 412 3991 529 4048; x_wconf 76' lang='lat' dir='ltr'>patuerat,</span> <span class='ocrx_word' id='word_1_313' title='bbox 549 3975 598 4050; x_wconf 92' lang='lat' dir='ltr'>qul</span> <span class='ocrx_word' id='word_1_314' title='bbox 614 3973 826 4053; x_wconf 84' lang='lat' dir='ltr'>Martisproelia</span> <span class='ocrx_word' id='word_1_315' title='bbox 840 3979 922 4042; x_wconf 82' lang='lat' dir='ltr'>dixit.</span> 
     </span>
     <span class='ocr_line' id='line_1_43' title="bbox 266 4046 981 4135; baseline 0.027 -32"><span class='ocrx_word' id='word_1_316' title='bbox 266 4046 296 4103; x_wconf 81' lang='lat' dir='ltr'>Si</span> <span class='ocrx_word' id='word_1_317' title='bbox 308 4052 364 4122; x_wconf 80' lang='lat' dir='ltr'>quis</span> <span class='ocrx_word' id='word_1_318' title='bbox 376 4067 459 4109; x_wconf 75' lang='lat' dir='ltr'>erute</span> <span class='ocrx_word' id='word_1_319' title='bbox 473 4051 556 4122; x_wconf 84' lang='lat' dir='ltr'>velit,</span> <span class='ocrx_word' id='word_1_320' title='bbox 574 4053 616 4110; x_wconf 80' lang='lat' dir='ltr'>uel</span> <span class='ocrx_word' id='word_1_321' title='bbox 626 4049 717 4130; x_wconf 79' lang='lat' dir='ltr'>discere</span> <span class='ocrx_word' id='word_1_322' title='bbox 730 4072 823 4114; x_wconf 90' lang='lat' dir='ltr'>amare</span> <span class='ocrx_word' id='word_1_323' title='bbox 838 4058 981 4135; x_wconf 85' lang='lat' dir='ltr'>legendo,</span> 
     </span>
     <span class='ocr_line' id='line_1_44' title="bbox 265 4122 914 4210; baseline 0.018 -27"><span class='ocrx_word' id='word_1_324' title='bbox 265 4122 395 4201; x_wconf 78' lang='lat' dir='ltr'>Nttsomrt</span> <span class='ocrx_word' id='word_1_325' title='bbox 403 4130 497 4204; x_wconf 60' lang='lat' dir='ltr'>pido:</span> <span class='ocrx_word' id='word_1_326' title='bbox 507 4125 553 4204; x_wconf 81' lang='lat' dir='ltr'>sm</span> <span class='ocrx_word' id='word_1_327' title='bbox 563 4139 647 4190; x_wconf 68' lang='lat' dir='ltr'>wem</span> <span class='ocrx_word' id='word_1_328' title='bbox 659 4148 721 4191; x_wconf 82' lang='lat' dir='ltr'>tutu</span> <span class='ocrx_word' id='word_1_329' title='bbox 732 4134 780 4191; x_wconf 84' lang='lat' dir='ltr'>tibi</span> <span class='ocrx_word' id='word_1_330' title='bbox 792 4132 852 4194; x_wconf 77' lang='lat' dir='ltr'>latu</span> <span class='ocrx_word' id='word_1_331' title='bbox 861 4131 914 4210; x_wconf 77' lang='lat' dir='ltr'>ost,</span> 
     </span>
    </p>
   </div>
   <div class='ocr_carea' id='block_1_5' title="bbox 1126 4216 1162 4281">
    <p class='ocr_par' dir='ltr' id='par_1_8' title="bbox 1126 4216 1162 4281">
     <span class='ocr_line' id='line_1_45' title="bbox 1126 4216 1162 4281; baseline 0 0"><span class='ocrx_word' id='word_1_332' title='bbox 1126 4216 1162 4281; x_wconf 75' lang='lat' dir='ltr'>Ut</span> 
     </span>
    </p>
   </div>
   <div class='ocr_carea' id='block_1_6' title="bbox 0 0 1301 5076">
    <p class='ocr_par' dir='ltr' id='par_1_9' title="bbox 0 0 1301 5076">
     <span class='ocr_line' id='line_1_46' title="bbox 0 0 1301 5076; baseline 0 0"><span class='ocrx_word' id='word_1_333' title='bbox 0 0 1301 5076; x_wconf 95' lang='lat' dir='ltr'> </span> 
     </span>
    </p>
   </div>
  </div>
 </body>
</html>
