<?xml version="1.0" encoding="UTF-8"?>
<!DOCTYPE html PUBLIC "-//W3C//DTD XHTML 1.0 Transitional//EN"
    "http://www.w3.org/TR/xhtml1/DTD/xhtml1-transitional.dtd">
<html xmlns="http://www.w3.org/1999/xhtml" xml:lang="en" lang="en">
 <head>
  <title>
</title>
<meta http-equiv="Content-Type" content="text/html;charset=utf-8" />
  <meta name='ocr-system' content='tesseract 3.04.00' />
  <meta name='ocr-capabilities' content='ocr_page ocr_carea ocr_par ocr_line ocrx_word'/>
</head>
<body>
  <div class='ocr_page' id='page_1' title='image "./dionysiicatonis00fokkgoog_0454.png"; bbox 0 0 2596 4920; ppageno 0'>
   <div class='ocr_carea' id='block_1_1' title="bbox 145 644 1049 797">
    <p class='ocr_par' dir='ltr' id='par_1_1' title="bbox 145 644 1049 797">
     <span class='ocr_line' id='line_1_1' title="bbox 145 644 1049 797; baseline -0.013 -29"><span class='ocrx_word' id='word_1_1' title='bbox 145 712 217 797; x_wconf 71' lang='lat'>370</span> <span class='ocrx_word' id='word_1_2' title='bbox 302 644 1049 764; x_wconf 75' lang='lat' dir='ltr'>mimuic&#39;iciiiuimcmrmti</span> 
     </span>
    </p>
   </div>
   <div class='ocr_carea' id='block_1_2' title="bbox 141 788 1157 1298">
    <p class='ocr_par' dir='ltr' id='par_1_2' title="bbox 141 788 1157 1298">
     <span class='ocr_line' id='line_1_2' title="bbox 143 788 1157 888; baseline -0.008 -11"><span class='ocrx_word' id='word_1_3' title='bbox 143 808 241 888; x_wconf 87' lang='lat' dir='ltr'>tulit,</span> <span class='ocrx_word' id='word_1_4' title='bbox 251 802 345 887; x_wconf 80' lang='lat' dir='ltr'>cujus</span> <span class='ocrx_word' id='word_1_5' title='bbox 359 797 554 868; x_wconf 87' lang='lat' dir='ltr'>Eruditione</span> <span class='ocrx_word' id='word_1_6' title='bbox 569 811 667 880; x_wconf 86' lang='lat' dir='ltr'>atque</span> <span class='ocrx_word' id='word_1_7' title='bbox 683 788 840 859; x_wconf 88' lang='lat' dir='ltr'>industria</span> <span class='ocrx_word' id='word_1_8' title='bbox 854 790 986 881; x_wconf 84' lang='lat' dir='ltr'>semper</span> <span class='ocrx_word' id='word_1_9' title='bbox 1004 794 1081 867; x_wconf 91' lang='lat' dir='ltr'>sum</span> <span class='ocrx_word' id='word_1_10' title='bbox 1093 798 1157 868; x_wconf 84' lang='lat' dir='ltr'>de·</span> 
     </span>
     <span class='ocr_line' id='line_1_3' title="bbox 142 874 1156 973; baseline -0.005 -16"><span class='ocrx_word' id='word_1_11' title='bbox 142 890 290 962; x_wconf 72' lang='lat' dir='ltr'>lectatus.</span> <span class='ocrx_word' id='word_1_12' title='bbox 328 882 359 952; x_wconf 87' lang='lat' dir='ltr'>Is</span> <span class='ocrx_word' id='word_1_13' title='bbox 383 896 420 948; x_wconf 89' lang='lat' dir='ltr'>ut</span> <span class='ocrx_word' id='word_1_14' title='bbox 441 877 588 947; x_wconf 86' lang='lat' dir='ltr'>ostendit</span> <span class='ocrx_word' id='word_1_15' title='bbox 608 877 754 973; x_wconf 83' lang='lat' dir='ltr'>animum</span> <span class='ocrx_word' id='word_1_16' title='bbox 774 894 836 973; x_wconf 73' lang='lat' dir='ltr'>pru</span> <span class='ocrx_word' id='word_1_17' title='bbox 862 874 976 945; x_wconf 91' lang='lat' dir='ltr'>ensum</span> <span class='ocrx_word' id='word_1_18' title='bbox 992 880 1027 949; x_wconf 90' lang='lat' dir='ltr'>iii</span> <span class='ocrx_word' id='word_1_19' title='bbox 1045 881 1156 952; x_wconf 89' lang='lat' dir='ltr'>Cato·</span> 
     </span>
     <span class='ocr_line' id='line_1_4' title="bbox 141 960 1155 1051; baseline -0.02 -9"><span class='ocrx_word' id='word_1_20' title='bbox 141 992 220 1043; x_wconf 89' lang='lat' dir='ltr'>irem</span> <span class='ocrx_word' id='word_1_21' title='bbox 237 966 471 1051; x_wconf 83' lang='lat' dir='ltr'>hunc‚lubeus</span> <span class='ocrx_word' id='word_1_22' title='bbox 486 963 528 1029; x_wconf 89' lang='lat' dir='ltr'>ad</span> <span class='ocrx_word' id='word_1_23' title='bbox 545 980 623 1029; x_wconf 88' lang='lat' dir='ltr'>eum</span> <span class='ocrx_word' id='word_1_24' title='bbox 639 960 744 1027; x_wconf 89' lang='lat' dir='ltr'>detuli</span> <span class='ocrx_word' id='word_1_25' title='bbox 755 979 832 1045; x_wconf 89' lang='lat' dir='ltr'>,qui</span> <span class='ocrx_word' id='word_1_26' title='bbox 903 960 937 1027; x_wconf 89' lang='lat' dir='ltr'>&#39;d</span> <span class='ocrx_word' id='word_1_27' title='bbox 952 961 1155 1037; x_wconf 59' lang='lat' dir='ltr'>instrumena</span> 
     </span>
     <span class='ocr_line' id='line_1_5' title="bbox 142 1042 1157 1140; baseline 0.002 -21"><span class='ocrx_word' id='word_1_28' title='bbox 142 1058 198 1137; x_wconf 86' lang='lat' dir='ltr'>ti,</span> <span class='ocrx_word' id='word_1_29' title='bbox 230 1048 387 1140; x_wconf 89' lang='lat' dir='ltr'>quidquid</span> <span class='ocrx_word' id='word_1_30' title='bbox 410 1048 483 1135; x_wconf 89' lang='lat' dir='ltr'>opis</span> <span class='ocrx_word' id='word_1_31' title='bbox 505 1044 574 1113; x_wconf 86' lang='lat' dir='ltr'>fuit</span> <span class='ocrx_word' id='word_1_32' title='bbox 597 1042 640 1111; x_wconf 89' lang='lat' dir='ltr'>ad</span> <span class='ocrx_word' id='word_1_33' title='bbox 656 1042 752 1112; x_wconf 90' lang='lat' dir='ltr'>illurn</span> <span class='ocrx_word' id='word_1_34' title='bbox 770 1046 966 1114; x_wconf 87' lang='lat' dir='ltr'>ornandum.</span> <span class='ocrx_word' id='word_1_35' title='bbox 1009 1047 1157 1121; x_wconf 86' lang='lat' dir='ltr'>Memor</span> 
     </span>
     <span class='ocr_line' id='line_1_6' title="bbox 142 1125 1153 1217; baseline -0.005 -9"><span class='ocrx_word' id='word_1_36' title='bbox 142 1140 243 1208; x_wconf 88' lang='lat' dir='ltr'>etiam</span> <span class='ocrx_word' id='word_1_37' title='bbox 282 1131 422 1214; x_wconf 82' lang='lat' dir='ltr'>romiffi,</span> <span class='ocrx_word' id='word_1_38' title='bbox 445 1149 511 1217; x_wconf 91' lang='lat' dir='ltr'>quo</span> <span class='ocrx_word' id='word_1_39' title='bbox 526 1127 662 1217; x_wconf 88' lang='lat' dir='ltr'>publice</span> <span class='ocrx_word' id='word_1_40' title='bbox 677 1125 747 1194; x_wconf 90' lang='lat' dir='ltr'>sum</span> <span class='ocrx_word' id='word_1_41' title='bbox 763 1128 963 1212; x_wconf 74' lang='lat' dir='ltr'>devinctus,</span> <span class='ocrx_word' id='word_1_42' title='bbox 987 1137 1153 1204; x_wconf 86' lang='lat' dir='ltr'>contexui</span> 
     </span>
     <span class='ocr_line' id='line_1_7' title="bbox 143 1211 1153 1298; baseline -0.003 -8"><span class='ocrx_word' id='word_1_43' title='bbox 143 1223 230 1291; x_wconf 89' lang='lat' dir='ltr'>hanc</span> <span class='ocrx_word' id='word_1_44' title='bbox 292 1215 549 1297; x_wconf 84' lang='lat' dir='ltr'>iffertationem,</span> <span class='ocrx_word' id='word_1_45' title='bbox 568 1231 633 1298; x_wconf 89' lang='lat' dir='ltr'>qua</span> <span class='ocrx_word' id='word_1_46' title='bbox 654 1232 674 1278; x_wconf 93' lang='lat' dir='ltr'>a</span> <span class='ocrx_word' id='word_1_47' title='bbox 690 1211 916 1283; x_wconf 83' lang='lat' dir='ltr'>calumniis&amp;</span> <span class='ocrx_word' id='word_1_48' title='bbox 928 1216 1153 1286; x_wconf 73' lang='lat' dir='ltr'>obtrectatio-</span> 
     </span>
    </p>
   </div>
   <div class='ocr_carea' id='block_1_3' title="bbox 141 1294 1153 1377">
    <p class='ocr_par' dir='ltr' id='par_1_3' title="bbox 141 1294 1153 1377">
     <span class='ocr_line' id='line_1_8' title="bbox 141 1294 1153 1377; baseline -0.005 -4"><span class='ocrx_word' id='word_1_49' title='bbox 141 1305 239 1377; x_wconf 90' lang='lat' dir='ltr'>nibus</span> <span class='ocrx_word' id='word_1_50' title='bbox 253 1302 306 1369; x_wconf 90' lang='lat' dir='ltr'>M.</span> <span class='ocrx_word' id='word_1_51' title='bbox 323 1297 433 1366; x_wconf 92' lang='lat' dir='ltr'>Zuerii</span> <span class='ocrx_word' id='word_1_52' title='bbox 450 1296 633 1367; x_wconf 85' lang='lat' dir='ltr'>Boiihomii</span> <span class='ocrx_word' id='word_1_53' title='bbox 650 1314 728 1362; x_wconf 91' lang='lat' dir='ltr'>eum</span> <span class='ocrx_word' id='word_1_54' title='bbox 739 1294 960 1367; x_wconf 84' lang='lat' dir='ltr'>vindicarem.</span> <span class='ocrx_word' id='word_1_55' title='bbox 984 1298 1153 1370; x_wconf 86' lang='lat' dir='ltr'>Haecve·</span> 
     </span>
    </p>
   </div>
   <div class='ocr_carea' id='block_1_4' title="bbox 46 1379 1154 1468">
    <p class='ocr_par' dir='ltr' id='par_1_4' title="bbox 46 1379 1154 1468">
     <span class='ocr_line' id='line_1_9' title="bbox 46 1379 1154 1468; baseline -0.001 -13"><span class='ocrx_word' id='word_1_56' title='bbox 46 1424 51 1437; x_wconf 84' lang='lat'><strong>·</strong></span> <span class='ocrx_word' id='word_1_57' title='bbox 143 1384 182 1457; x_wconf 87' lang='lat' dir='ltr'>r&#39;o</span> <span class='ocrx_word' id='word_1_58' title='bbox 201 1385 275 1454; x_wconf 87' lang='lat' dir='ltr'>suiit</span> <span class='ocrx_word' id='word_1_59' title='bbox 290 1383 349 1450; x_wconf 94' lang='lat' dir='ltr'>illa</span> <span class='ocrx_word' id='word_1_60' title='bbox 364 1379 536 1467; x_wconf 86' lang='lat' dir='ltr'>Rescripta</span> <span class='ocrx_word' id='word_1_61' title='bbox 549 1379 744 1448; x_wconf 85' lang='lat' dir='ltr'>Boxhomio</span> <span class='ocrx_word' id='word_1_62' title='bbox 754 1379 1154 1468; x_wconf 85' lang='lat' dir='ltr'>deCatone,quaenuiic</span> 
     </span>
    </p>
   </div>
   <div class='ocr_carea' id='block_1_5' title="bbox 144 1462 1154 1614">
    <p class='ocr_par' dir='ltr' id='par_1_5' title="bbox 144 1462 1154 1614">
     <span class='ocr_line' id='line_1_10' title="bbox 144 1462 1154 1614; baseline -0.003 -75"><span class='ocrx_word' id='word_1_63' title='bbox 144 1471 255 1541; x_wconf 85' lang='lat' dir='ltr'>oculis</span> <span class='ocrx_word' id='word_1_64' title='bbox 270 1465 414 1554; x_wconf 77' lang='lat' dir='ltr'><strong>usurpas.</strong></span> <span class='ocrx_word' id='word_1_65' title='bbox 451 1464 630 1532; x_wconf 74' lang='lat' dir='ltr'><strong>Rationem</strong></span> <span class='ocrx_word' id='word_1_66' title='bbox 646 1462 737 1531; x_wconf 88' lang='lat' dir='ltr'>tituli</span> <span class='ocrx_word' id='word_1_67' title='bbox 753 1463 844 1614; x_wconf 47' lang='lat' dir='ltr'>fiii&amp;</span> <span class='ocrx_word' id='word_1_68' title='bbox 861 1463 954 1549; x_wconf 81' lang='lat' dir='ltr'>hujus</span> <span class='ocrx_word' id='word_1_69' title='bbox 967 1468 1054 1533; x_wconf 86' lang='lat' dir='ltr'>ratio</span> <span class='ocrx_word' id='word_1_70' title='bbox 1071 1470 1154 1537; x_wconf 88' lang='lat' dir='ltr'>red-</span> 
     </span>
    </p>
   </div>
   <div class='ocr_carea' id='block_1_6' title="bbox 11 1544 1155 1646">
    <p class='ocr_par' dir='ltr' id='par_1_6' title="bbox 11 1544 1155 1646">
     <span class='ocr_line' id='line_1_11' title="bbox 11 1544 1155 1646; baseline -0.004 -22"><span class='ocrx_word' id='word_1_71' title='bbox 11 1580 14 1585; x_wconf 93' lang='lat'>·</span> <span class='ocrx_word' id='word_1_72' title='bbox 145 1550 274 1637; x_wconf 89' lang='lat' dir='ltr'>denda)</span> <span class='ocrx_word' id='word_1_73' title='bbox 290 1568 390 1622; x_wconf 85' lang='lat' dir='ltr'>nemo</span> <span class='ocrx_word' id='word_1_74' title='bbox 403 1564 559 1635; x_wconf 84' lang='lat' dir='ltr'>quaeret,</span> <span class='ocrx_word' id='word_1_75' title='bbox 581 1547 638 1646; x_wconf 87' lang='lat' dir='ltr'>qui</span> <span class='ocrx_word' id='word_1_76' title='bbox 654 1545 753 1632; x_wconf 83' lang='lat' dir='ltr'><strong>Augu</strong></span> <span class='ocrx_word' id='word_1_77' title='bbox 779 1547 791 1614; x_wconf 94' lang='lat' dir='ltr'>i</span> <span class='ocrx_word' id='word_1_78' title='bbox 809 1544 962 1631; x_wconf 88' lang='lat' dir='ltr'>Librum,</span> <span class='ocrx_word' id='word_1_79' title='bbox 978 1549 1085 1617; x_wconf 83' lang='lat' dir='ltr'>Bruto</span> <span class='ocrx_word' id='word_1_80' title='bbox 1102 1553 1155 1620; x_wconf 86' lang='lat' dir='ltr'>de</span> 
     </span>
    </p>
   </div>
   <div class='ocr_carea' id='block_1_7' title="bbox 144 1629 1154 1720">
    <p class='ocr_par' dir='ltr' id='par_1_7' title="bbox 144 1629 1154 1720">
     <span class='ocr_line' id='line_1_12' title="bbox 144 1629 1154 1720; baseline 0 -13"><span class='ocrx_word' id='word_1_81' title='bbox 144 1639 275 1708; x_wconf 89' lang='lat' dir='ltr'>Catone</span> <span class='ocrx_word' id='word_1_82' title='bbox 297 1631 507 1720; x_wconf 85' lang='lat' dir='ltr'>rescriptum,</span> <span class='ocrx_word' id='word_1_83' title='bbox 530 1630 746 1720; x_wconf 62' lang='lat' dir='ltr'>cogitaverim</span> <span class='ocrx_word' id='word_1_84' title='bbox 768 1629 812 1698; x_wconf 90' lang='lat' dir='ltr'>de</span> <span class='ocrx_word' id='word_1_85' title='bbox 834 1649 903 1717; x_wconf 89' lang='lat' dir='ltr'>quo</span> <span class='ocrx_word' id='word_1_86' title='bbox 918 1631 1097 1704; x_wconf 77' lang='lat' dir='ltr'>Suetonius</span> <span class='ocrx_word' id='word_1_87' title='bbox 1116 1637 1154 1707; x_wconf 85' lang='lat' dir='ltr'>iii</span> 
     </span>
    </p>
   </div>
   <div class='ocr_carea' id='block_1_8' title="bbox 108 1716 1154 3387">
    <p class='ocr_par' dir='ltr' id='par_1_8' title="bbox 108 1716 1154 3387">
     <span class='ocr_line' id='line_1_13' title="bbox 146 1716 1149 1904; baseline 0.007 -37"><span class='ocrx_word' id='word_1_88' title='bbox 146 1716 400 1904; x_wconf 46' lang='lat' dir='ltr'>Affigoffnaifu</span> <span class='ocrx_word' id='word_1_89' title='bbox 410 1736 778 1897; x_wconf 45' lang='lat' dir='ltr'>iffiiirertaticnem</span> <span class='ocrx_word' id='word_1_90' title='bbox 791 1798 961 1891; x_wconf 84' lang='lat' dir='ltr'>quondam</span> <span class='ocrx_word' id='word_1_91' title='bbox 975 1800 1089 1871; x_wconf 82' lang='lat' dir='ltr'>edidit</span> <span class='ocrx_word' id='word_1_92' title='bbox 1104 1804 1149 1875; x_wconf 87' lang='lat' dir='ltr'>de</span> 
     </span>
     <span class='ocr_line' id='line_1_14' title="bbox 143 1876 1151 1985; baseline -0.003 -25"><span class='ocrx_word' id='word_1_93' title='bbox 143 1886 307 1961; x_wconf 88' lang='lat' dir='ltr'>Distichis</span> <span class='ocrx_word' id='word_1_94' title='bbox 365 1903 426 1952; x_wconf 91' lang='lat' dir='ltr'>uae</span> <span class='ocrx_word' id='word_1_95' title='bbox 442 1881 581 1952; x_wconf 81' lang='lat' dir='ltr'>Catonis</span> <span class='ocrx_word' id='word_1_96' title='bbox 596 1900 731 1952; x_wconf 89' lang='lat' dir='ltr'>nomme</span> <span class='ocrx_word' id='word_1_97' title='bbox 747 1876 1048 1971; x_wconf 72' lang='lat' dir='ltr'>circumferimur,</span> <span class='ocrx_word' id='word_1_98' title='bbox 1065 1906 1151 1985; x_wconf 82' lang='lat' dir='ltr'>quae</span> 
     </span>
     <span class='ocr_line' id='line_1_15' title="bbox 147 1904 1151 2067; baseline -0.002 -25"><span class='ocrx_word' id='word_1_99' title='bbox 147 1972 273 2059; x_wconf 71' lang='lat' dir='ltr'>adjedta</span> <span class='ocrx_word' id='word_1_100' title='bbox 289 1904 663 2067; x_wconf 49' lang='lat' dir='ltr'>edhitionissatoriis</span> <span class='ocrx_word' id='word_1_101' title='bbox 690 1965 1093 2065; x_wconf 59' lang='lat' dir='ltr'>aPemodmivmiocash</span> <span class='ocrx_word' id='word_1_102' title='bbox 1135 2002 1151 2019; x_wconf 87' lang='lat'><strong>·</strong></span> 
     </span>
     <span class='ocr_line' id='line_1_16' title="bbox 146 1990 1147 2148; baseline 0 -24"><span class='ocrx_word' id='word_1_103' title='bbox 146 2069 214 2124; x_wconf 78' lang='lat' dir='ltr'>tae.</span> <span class='ocrx_word' id='word_1_104' title='bbox 252 2055 321 2122; x_wconf 89' lang='lat' dir='ltr'>Scri</span> <span class='ocrx_word' id='word_1_105' title='bbox 343 2066 381 2148; x_wconf 30' lang='lat' dir='ltr'>‘ta</span> <span class='ocrx_word' id='word_1_106' title='bbox 395 2051 453 2117; x_wconf 91' lang='lat' dir='ltr'>illa</span> <span class='ocrx_word' id='word_1_107' title='bbox 468 2069 611 2136; x_wconf 87' lang='lat' dir='ltr'>primum</span> <span class='ocrx_word' id='word_1_108' title='bbox 628 2014 682 2117; x_wconf 60' lang='lat' dir='ltr'>esf</span> <span class='ocrx_word' id='word_1_109' title='bbox 692 2047 735 2117; x_wconf 92' lang='lat' dir='ltr'>ad</span> <span class='ocrx_word' id='word_1_110' title='bbox 749 2047 968 2147; x_wconf 76' lang='lat' dir='ltr'>Clarissimum</span> <span class='ocrx_word' id='word_1_111' title='bbox 989 2052 1023 2121; x_wconf 82' lang='lat' dir='ltr'>di</span> <span class='ocrx_word' id='word_1_112' title='bbox 1039 1990 1147 2123; x_wconf 63' lang='lat' dir='ltr'>eruffi·</span> 
     </span>
     <span class='ocr_line' id='line_1_17' title="bbox 145 2132 1149 2221; baseline 0.002 -15"><span class='ocrx_word' id='word_1_113' title='bbox 145 2139 298 2206; x_wconf 84' lang='lat' dir='ltr'>tiffimum</span> <span class='ocrx_word' id='word_1_114' title='bbox 340 2153 424 2201; x_wconf 90' lang='lat' dir='ltr'>irum</span> <span class='ocrx_word' id='word_1_115' title='bbox 439 2132 554 2217; x_wconf 88' lang='lat' dir='ltr'>Janurn</span> <span class='ocrx_word' id='word_1_116' title='bbox 568 2132 800 2201; x_wconf 89' lang='lat' dir='ltr'>Bodecherum</span> <span class='ocrx_word' id='word_1_117' title='bbox 815 2133 944 2200; x_wconf 90' lang='lat' dir='ltr'>Bennin</span> <span class='ocrx_word' id='word_1_118' title='bbox 969 2135 1059 2221; x_wconf 88' lang='lat' dir='ltr'>ium,</span> <span class='ocrx_word' id='word_1_119' title='bbox 1068 2138 1149 2208; x_wconf 87' lang='lat' dir='ltr'>Cui·</span> 
     </span>
     <span class='ocr_line' id='line_1_18' title="bbox 146 2152 1142 2303; baseline -0.001 -12"><span class='ocrx_word' id='word_1_120' title='bbox 146 2223 181 2291; x_wconf 90' lang='lat' dir='ltr'>le</span> <span class='ocrx_word' id='word_1_121' title='bbox 205 2240 258 2287; x_wconf 92' lang='lat' dir='ltr'>am</span> <span class='ocrx_word' id='word_1_122' title='bbox 282 2217 374 2285; x_wconf 92' lang='lat' dir='ltr'>suum</span> <span class='ocrx_word' id='word_1_123' title='bbox 394 2215 687 2300; x_wconf 74' lang='lat' dir='ltr'>coniunfflffimum</span> <span class='ocrx_word' id='word_1_124' title='bbox 702 2216 776 2285; x_wconf 88' lang='lat' dir='ltr'>Kal.</span> <span class='ocrx_word' id='word_1_125' title='bbox 792 2215 863 2300; x_wconf 88' lang='lat' dir='ltr'>Jau.</span> <span class='ocrx_word' id='word_1_126' title='bbox 881 2152 994 2287; x_wconf 46' lang='lat' dir='ltr'>claffo</span> <span class='ocrx_word' id='word_1_127' title='bbox 1009 2236 1142 2303; x_wconf 65' lang='lat' dir='ltr'>cumr.</span> 
     </span>
     <span class='ocr_line' id='line_1_19' title="bbox 191 2297 1145 2386; baseline 0.005 -17"><span class='ocrx_word' id='word_1_128' title='bbox 191 2323 238 2370; x_wconf 88' lang='lat' dir='ltr'>ox</span> <span class='ocrx_word' id='word_1_129' title='bbox 253 2302 376 2369; x_wconf 90' lang='lat' dir='ltr'>eodem</span> <span class='ocrx_word' id='word_1_130' title='bbox 392 2319 500 2383; x_wconf 90' lang='lat' dir='ltr'>anno,</span> <span class='ocrx_word' id='word_1_131' title='bbox 516 2297 574 2367; x_wconf 89' lang='lat' dir='ltr'>sed</span> <span class='ocrx_word' id='word_1_132' title='bbox 588 2300 674 2386; x_wconf 84' lang='lat' dir='ltr'>Aug.</span> <span class='ocrx_word' id='word_1_133' title='bbox 691 2319 768 2367; x_wconf 88' lang='lat' dir='ltr'>viii.</span> <span class='ocrx_word' id='word_1_134' title='bbox 785 2300 926 2369; x_wconf 86' lang='lat' dir='ltr'>eandem</span> <span class='ocrx_word' id='word_1_135' title='bbox 942 2300 1145 2374; x_wconf 81' lang='lat' dir='ltr'>Dissertatio·</span> 
     </span>
     <span class='ocr_line' id='line_1_20' title="bbox 146 2381 1150 2473; baseline 0.004 -19"><span class='ocrx_word' id='word_1_136' title='bbox 146 2405 226 2455; x_wconf 89' lang='lat' dir='ltr'>nem</span> <span class='ocrx_word' id='word_1_137' title='bbox 247 2383 381 2453; x_wconf 89' lang='lat' dir='ltr'>inseruit</span> <span class='ocrx_word' id='word_1_138' title='bbox 440 2381 661 2451; x_wconf 87' lang='lat' dir='ltr'>uaestionibus</span> <span class='ocrx_word' id='word_1_139' title='bbox 681 2381 744 2451; x_wconf 90' lang='lat' dir='ltr'>suis</span> <span class='ocrx_word' id='word_1_140' title='bbox 768 2383 943 2468; x_wconf 82' lang='lat' dir='ltr'>Romanis,</span> <span class='ocrx_word' id='word_1_141' title='bbox 970 2384 1054 2473; x_wconf 86' lang='lat' dir='ltr'>Cap.</span> <span class='ocrx_word' id='word_1_142' title='bbox 1071 2409 1150 2458; x_wconf 81' lang='lat' dir='ltr'>xiv.</span> 
     </span>
     <span class='ocr_line' id='line_1_21' title="bbox 146 2465 1152 2623; baseline 0.004 -88"><span class='ocrx_word' id='word_1_143' title='bbox 146 2489 230 2623; x_wconf 41' lang='lat' dir='ltr'>suae</span> <span class='ocrx_word' id='word_1_144' title='bbox 247 2469 371 2536; x_wconf 91' lang='lat' dir='ltr'>deinde</span> <span class='ocrx_word' id='word_1_145' title='bbox 386 2487 433 2564; x_wconf 84' lang='lat' dir='ltr'>pu</span> <span class='ocrx_word' id='word_1_146' title='bbox 456 2469 576 2535; x_wconf 87' lang='lat' dir='ltr'>licatae</span> <span class='ocrx_word' id='word_1_147' title='bbox 591 2465 666 2534; x_wconf 91' lang='lat' dir='ltr'>sunt</span> <span class='ocrx_word' id='word_1_148' title='bbox 680 2467 830 2535; x_wconf 91' lang='lat' dir='ltr'>iteruma</span> <span class='ocrx_word' id='word_1_149' title='bbox 847 2466 988 2535; x_wconf 87' lang='lat' dir='ltr'>Graevio</span> <span class='ocrx_word' id='word_1_150' title='bbox 1002 2470 1038 2537; x_wconf 88' lang='lat' dir='ltr'>iii</span> <span class='ocrx_word' id='word_1_151' title='bbox 1055 2471 1152 2539; x_wconf 85' lang='lat' dir='ltr'>The·</span> 
     </span>
     <span class='ocr_line' id='line_1_22' title="bbox 162 2549 1150 2639; baseline 0.002 -20"><span class='ocrx_word' id='word_1_152' title='bbox 162 2572 242 2632; x_wconf 91' lang='lat' dir='ltr'>auro</span> <span class='ocrx_word' id='word_1_153' title='bbox 267 2553 345 2618; x_wconf 82' lang='lat' dir='ltr'>Anti</span> <span class='ocrx_word' id='word_1_154' title='bbox 367 2567 426 2618; x_wconf 93' lang='lat' dir='ltr'>uit.</span> <span class='ocrx_word' id='word_1_155' title='bbox 452 2551 550 2618; x_wconf 89' lang='lat' dir='ltr'>Rom.</span> <span class='ocrx_word' id='word_1_156' title='bbox 567 2549 669 2617; x_wconf 90' lang='lat' dir='ltr'>Tom.</span> <span class='ocrx_word' id='word_1_157' title='bbox 685 2570 718 2618; x_wconf 88' lang='lat' dir='ltr'>v.</span> <span class='ocrx_word' id='word_1_158' title='bbox 756 2551 795 2618; x_wconf 90' lang='lat' dir='ltr'>In</span> <span class='ocrx_word' id='word_1_159' title='bbox 811 2571 851 2618; x_wconf 91' lang='lat' dir='ltr'>ea</span> <span class='ocrx_word' id='word_1_160' title='bbox 865 2565 1029 2619; x_wconf 87' lang='lat' dir='ltr'>contemte</span> <span class='ocrx_word' id='word_1_161' title='bbox 1045 2567 1150 2639; x_wconf 89' lang='lat' dir='ltr'>atque</span> 
     </span>
     <span class='ocr_line' id='line_1_23' title="bbox 147 2632 1147 2719; baseline 0 -16"><span class='ocrx_word' id='word_1_162' title='bbox 147 2635 276 2719; x_wconf 78' lang='lat' dir='ltr'>abjecte</span> <span class='ocrx_word' id='word_1_163' title='bbox 292 2637 334 2701; x_wconf 92' lang='lat' dir='ltr'>de</span> <span class='ocrx_word' id='word_1_164' title='bbox 382 2635 494 2701; x_wconf 77' lang='lat' dir='ltr'>udiore</span> <span class='ocrx_word' id='word_1_165' title='bbox 509 2632 737 2703; x_wconf 86' lang='lat' dir='ltr'>Distichorum</span> <span class='ocrx_word' id='word_1_166' title='bbox 757 2634 938 2703; x_wconf 82' lang='lat' dir='ltr'>existimat:</span> <span class='ocrx_word' id='word_1_167' title='bbox 958 2652 1024 2701; x_wconf 89' lang='lat' dir='ltr'>nec</span> <span class='ocrx_word' id='word_1_168' title='bbox 1039 2634 1147 2703; x_wconf 91' lang='lat' dir='ltr'>deco·</span> 
     </span>
     <span class='ocr_line' id='line_1_24' title="bbox 143 2716 1152 2803; baseline 0.001 -17"><span class='ocrx_word' id='word_1_169' title='bbox 143 2738 182 2786; x_wconf 92' lang='lat' dir='ltr'>re</span> <span class='ocrx_word' id='word_1_170' title='bbox 198 2719 378 2787; x_wconf 85' lang='lat' dir='ltr'>admodum</span> <span class='ocrx_word' id='word_1_171' title='bbox 394 2717 492 2785; x_wconf 90' lang='lat' dir='ltr'>sentit</span> <span class='ocrx_word' id='word_1_172' title='bbox 507 2717 550 2784; x_wconf 88' lang='lat' dir='ltr'>de</span> <span class='ocrx_word' id='word_1_173' title='bbox 565 2718 631 2785; x_wconf 86' lang='lat' dir='ltr'>iliis</span> <span class='ocrx_word' id='word_1_174' title='bbox 646 2716 946 2800; x_wconf 78' lang='lat' dir='ltr'>dottiffimisvirii,</span> <span class='ocrx_word' id='word_1_175' title='bbox 960 2716 1080 2803; x_wconf 82' lang='lat' dir='ltr'>quibus</span> <span class='ocrx_word' id='word_1_176' title='bbox 1087 2719 1152 2793; x_wconf 64' lang='lat' dir='ltr'>Lia</span> 
     </span>
     <span class='ocr_line' id='line_1_25' title="bbox 147 2799 1153 2887; baseline 0.001 -15"><span class='ocrx_word' id='word_1_177' title='bbox 147 2803 257 2872; x_wconf 86' lang='lat' dir='ltr'>bellus</span> <span class='ocrx_word' id='word_1_178' title='bbox 287 2804 342 2869; x_wconf 94' lang='lat' dir='ltr'>hic</span> <span class='ocrx_word' id='word_1_179' title='bbox 368 2804 516 2869; x_wconf 87' lang='lat' dir='ltr'>laudatus</span> <span class='ocrx_word' id='word_1_180' title='bbox 539 2821 681 2887; x_wconf 88' lang='lat' dir='ltr'>unquam</span> <span class='ocrx_word' id='word_1_181' title='bbox 704 2799 778 2868; x_wconf 90' lang='lat' dir='ltr'>fuit.</span> <span class='ocrx_word' id='word_1_182' title='bbox 821 2801 924 2887; x_wconf 88' lang='lat' dir='ltr'>quue</span> <span class='ocrx_word' id='word_1_183' title='bbox 993 2800 1153 2873; x_wconf 73' lang='lat' dir='ltr'>tissimum</span> 
     </span>
     <span class='ocr_line' id='line_1_26' title="bbox 108 2883 1153 2974; baseline 0.004 -21"><span class='ocrx_word' id='word_1_184' title='bbox 108 2938 115 2953; x_wconf 92' lang='grc'><strong>.</strong></span> <span class='ocrx_word' id='word_1_185' title='bbox 148 2908 287 2974; x_wconf 91' lang='lat' dir='ltr'>operam</span> <span class='ocrx_word' id='word_1_186' title='bbox 302 2887 378 2969; x_wconf 90' lang='lat' dir='ltr'>dat,</span> <span class='ocrx_word' id='word_1_187' title='bbox 402 2902 439 2952; x_wconf 94' lang='lat' dir='ltr'>ut</span> <span class='ocrx_word' id='word_1_188' title='bbox 453 2905 630 2971; x_wconf 90' lang='lat' dir='ltr'>puerorum</span> <span class='ocrx_word' id='word_1_189' title='bbox 645 2904 713 2952; x_wconf 91' lang='lat' dir='ltr'>riori</span> <span class='ocrx_word' id='word_1_190' title='bbox 729 2900 856 2951; x_wconf 91' lang='lat' dir='ltr'>tantum</span> <span class='ocrx_word' id='word_1_191' title='bbox 873 2934 885 2967; x_wconf 87' lang='lat'><em>‚</em></span> <span class='ocrx_word' id='word_1_192' title='bbox 906 2883 926 2953; x_wconf 90' lang='lat' dir='ltr'>s</span> <span class='ocrx_word' id='word_1_193' title='bbox 977 2885 1153 2957; x_wconf 87' lang='lat' dir='ltr'>hominum</span> 
     </span>
     <span class='ocr_line' id='line_1_27' title="bbox 148 2967 1152 3054; baseline 0 -15"><span class='ocrx_word' id='word_1_194' title='bbox 148 2973 298 3039; x_wconf 88' lang='lat' dir='ltr'>omnium</span> <span class='ocrx_word' id='word_1_195' title='bbox 314 2969 463 3036; x_wconf 88' lang='lat' dir='ltr'>manibus</span> <span class='ocrx_word' id='word_1_196' title='bbox 478 2969 709 3054; x_wconf 78' lang='lat' dir='ltr'>ineptissimum</span> <span class='ocrx_word' id='word_1_197' title='bbox 725 2967 899 3035; x_wconf 89' lang='lat' dir='ltr'>miserandi</span> <span class='ocrx_word' id='word_1_198' title='bbox 915 2968 1060 3037; x_wconf 81' lang='lat' dir='ltr'>hominis</span> <span class='ocrx_word' id='word_1_199' title='bbox 1075 2968 1152 3039; x_wconf 88' lang='lat' dir='ltr'>foe·</span> 
     </span>
     <span class='ocr_line' id='line_1_28' title="bbox 149 3051 1152 3122; baseline -0.001 0"><span class='ocrx_word' id='word_1_200' title='bbox 149 3070 220 3122; x_wconf 91' lang='lat' dir='ltr'>tuin</span> <span class='ocrx_word' id='word_1_201' title='bbox 236 3053 396 3122; x_wconf 81' lang='lat' dir='ltr'>excutiat.</span> <span class='ocrx_word' id='word_1_202' title='bbox 420 3051 546 3119; x_wconf 89' lang='lat' dir='ltr'>Verum</span> <span class='ocrx_word' id='word_1_203' title='bbox 562 3071 604 3119; x_wconf 91' lang='lat' dir='ltr'>ne</span> <span class='ocrx_word' id='word_1_204' title='bbox 621 3053 756 3121; x_wconf 84' lang='lat' dir='ltr'>crimina</span> <span class='ocrx_word' id='word_1_205' title='bbox 773 3051 928 3121; x_wconf 70' lang='lat' dir='ltr'>didiscit</span> <span class='ocrx_word' id='word_1_206' title='bbox 993 3070 1086 3120; x_wconf 85' lang='lat' dir='ltr'>erare</span> <span class='ocrx_word' id='word_1_207' title='bbox 1102 3055 1152 3121; x_wconf 90' lang='lat' dir='ltr'>vi·</span> 
     </span>
     <span class='ocr_line' id='line_1_29' title="bbox 150 3131 1152 3222; baseline 0.002 -17"><span class='ocrx_word' id='word_1_208' title='bbox 150 3138 230 3205; x_wconf 89' lang='lat' dir='ltr'>dear</span> <span class='ocrx_word' id='word_1_209' title='bbox 275 3134 343 3222; x_wconf 79' lang='lat' dir='ltr'>ipsa</span> <span class='ocrx_word' id='word_1_210' title='bbox 357 3135 531 3204; x_wconf 86' lang='lat' dir='ltr'>Clariffiini</span> <span class='ocrx_word' id='word_1_211' title='bbox 546 3134 621 3203; x_wconf 92' lang='lat' dir='ltr'>Viri</span> <span class='ocrx_word' id='word_1_212' title='bbox 636 3135 736 3201; x_wconf 90' lang='lat' dir='ltr'>verba</span> <span class='ocrx_word' id='word_1_213' title='bbox 751 3131 941 3203; x_wconf 83' lang='lat' dir='ltr'>adscribam.</span> <span class='ocrx_word' id='word_1_214' title='bbox 991 3152 1024 3202; x_wconf 96' lang='lat' dir='ltr'>ta</span> <span class='ocrx_word' id='word_1_215' title='bbox 1039 3153 1152 3207; x_wconf 86' lang='lat' dir='ltr'>autem</span> 
     </span>
     <span class='ocr_line' id='line_1_30' title="bbox 146 3187 1154 3308; baseline 0.003 -21"><span class='ocrx_word' id='word_1_216' title='bbox 146 3187 373 3308; x_wconf 60' lang='lat' dir='ltr'>praestiturae</span> <span class='ocrx_word' id='word_1_217' title='bbox 389 3218 503 3302; x_wconf 90' lang='lat' dir='ltr'>Janum</span> <span class='ocrx_word' id='word_1_218' title='bbox 519 3218 760 3287; x_wconf 81' lang='lat' dir='ltr'>Bodecherum.</span> <span class='ocrx_word' id='word_1_219' title='bbox 787 3218 992 3286; x_wconf 70' lang='lat' dir='ltr'>Tanaitica</span> <span class='ocrx_word' id='word_1_220' title='bbox 1010 3219 1073 3303; x_wconf 81' lang='lat' dir='ltr'>Ta,</span> <span class='ocrx_word' id='word_1_221' title='bbox 1089 3222 1154 3290; x_wconf 79' lang='lat' dir='ltr'>Vir</span> 
     </span>
     <span class='ocr_line' id='line_1_31' title="bbox 150 3299 1154 3387; baseline 0.003 -17"><span class='ocrx_word' id='word_1_222' title='bbox 150 3300 335 3387; x_wconf 79' lang='lat' dir='ltr'>Giuriffiau,</span> <span class='ocrx_word' id='word_1_223' title='bbox 361 3301 537 3387; x_wconf 61' lang='lat' dir='ltr'>Differratio</span> <span class='ocrx_word' id='word_1_224' title='bbox 549 3303 619 3369; x_wconf 78' lang='lat' dir='ltr'>baec</span> <span class='ocrx_word' id='word_1_225' title='bbox 633 3299 753 3386; x_wconf 73' lang='lat' dir='ltr'>nostra,</span> <span class='ocrx_word' id='word_1_226' title='bbox 767 3306 876 3385; x_wconf 79' lang='lat' dir='ltr'>unius,</span> <span class='ocrx_word' id='word_1_227' title='bbox 890 3316 946 3368; x_wconf 84' lang='lat' dir='ltr'>aut</span> <span class='ocrx_word' id='word_1_228' title='bbox 959 3302 1088 3373; x_wconf 62' lang='lat' dir='ltr'>ciamus</span> <span class='ocrx_word' id='word_1_229' title='bbox 1100 3307 1154 3372; x_wconf 74' lang='lat' dir='ltr'>m·</span> 
     </span>
    </p>
   </div>
   <div class='ocr_carea' id='block_1_9' title="bbox 5 3386 1152 3472">
    <p class='ocr_par' dir='ltr' id='par_1_9' title="bbox 5 3386 1152 3472">
     <span class='ocr_line' id='line_1_32' title="bbox 5 3386 1152 3472; baseline 0.003 -19"><span class='ocrx_word' id='word_1_230' title='bbox 5 3421 9 3428; x_wconf 90' lang='lat'>·</span> <span class='ocrx_word' id='word_1_231' title='bbox 148 3406 203 3454; x_wconf 82' lang='lat' dir='ltr'>rae</span> <span class='ocrx_word' id='word_1_232' title='bbox 217 3399 306 3472; x_wconf 81' lang='lat' dir='ltr'>aput,</span> <span class='ocrx_word' id='word_1_233' title='bbox 312 3386 369 3471; x_wconf 82' lang='lat' dir='ltr'>sed</span> <span class='ocrx_word' id='word_1_234' title='bbox 381 3399 546 3472; x_wconf 69' lang='lat' dir='ltr'>computata</span> <span class='ocrx_word' id='word_1_235' title='bbox 560 3397 658 3454; x_wconf 74' lang='lat' dir='ltr'>tamen</span> <span class='ocrx_word' id='word_1_236' title='bbox 669 3391 708 3452; x_wconf 79' lang='lat' dir='ltr'>ad</span> <span class='ocrx_word' id='word_1_237' title='bbox 736 3386 1152 3472; x_wconf 74' lang='lat' dir='ltr'>uiuettmdumsmtemiam,</span> 
     </span>
    </p>
   </div>
   <div class='ocr_carea' id='block_1_10' title="bbox 146 3467 1156 4329">
    <p class='ocr_par' dir='ltr' id='par_1_10' title="bbox 146 3467 1156 4329">
     <span class='ocr_line' id='line_1_33' title="bbox 147 3467 1156 3577; baseline -0.003 -39"><span class='ocrx_word' id='word_1_238' title='bbox 147 3490 212 3577; x_wconf 72' lang='lat' dir='ltr'>qim</span> <span class='ocrx_word' id='word_1_239' title='bbox 227 3474 424 3573; x_wconf 71' lang='lat' dir='ltr'>jamdudum</span> <span class='ocrx_word' id='word_1_240' title='bbox 445 3470 482 3544; x_wconf 64' lang='grc' dir='ltr'>δ’</span> <span class='ocrx_word' id='word_1_241' title='bbox 503 3467 622 3555; x_wconf 77' lang='lat' dir='ltr'>nostra,</span> <span class='ocrx_word' id='word_1_242' title='bbox 645 3469 683 3571; x_wconf 64' lang='grc' dir='ltr'>β’</span> <span class='ocrx_word' id='word_1_243' title='bbox 732 3484 833 3572; x_wconf 64' lang='lat' dir='ltr'>aarum</span> <span class='ocrx_word' id='word_1_244' title='bbox 842 3474 1003 3551; x_wconf 74' lang='lat' dir='ltr'>minaria,</span> <span class='ocrx_word' id='word_1_245' title='bbox 1018 3473 1156 3574; x_wconf 70' lang='lat' dir='ltr'>plerique</span> 
     </span>
     <span class='ocr_line' id='line_1_34' title="bbox 147 3553 1155 3652; baseline 0 -28"><span class='ocrx_word' id='word_1_246' title='bbox 147 3559 355 3624; x_wconf 70' lang='lat' dir='ltr'>dmtditorum</span> <span class='ocrx_word' id='word_1_247' title='bbox 367 3558 501 3638; x_wconf 83' lang='lat' dir='ltr'>fuerunt</span> <span class='ocrx_word' id='word_1_248' title='bbox 520 3565 661 3652; x_wconf 71' lang='lat' dir='ltr'>occupati.</span> <span class='ocrx_word' id='word_1_249' title='bbox 697 3553 853 3639; x_wconf 78' lang='lat' dir='ltr'>Disticha,</span> <span class='ocrx_word' id='word_1_250' title='bbox 874 3554 1012 3642; x_wconf 75' lang='lat' dir='ltr'>quaesiti</span> <span class='ocrx_word' id='word_1_251' title='bbox 1030 3558 1155 3624; x_wconf 71' lang='lat' dir='ltr'>Catum</span> 
     </span>
     <span class='ocr_line' id='line_1_35' title="bbox 148 3634 1153 3735; baseline 0.002 -28"><span class='ocrx_word' id='word_1_252' title='bbox 148 3645 265 3707; x_wconf 79' lang='lat' dir='ltr'>nomint</span> <span class='ocrx_word' id='word_1_253' title='bbox 286 3641 560 3735; x_wconf 63' lang='lat' dir='ltr'>circumferamur,</span> <span class='ocrx_word' id='word_1_254' title='bbox 581 3634 710 3735; x_wconf 54' lang='lat' dir='ltr'>uastatio</span> <span class='ocrx_word' id='word_1_255' title='bbox 722 3640 779 3724; x_wconf 80' lang='lat' dir='ltr'>sue</span> <span class='ocrx_word' id='word_1_256' title='bbox 800 3636 838 3711; x_wconf 66' lang='lat' dir='ltr'>ff</span> <span class='ocrx_word' id='word_1_257' title='bbox 861 3637 920 3704; x_wconf 78' lang='lat' dir='ltr'><em>loco</em></span> <span class='ocrx_word' id='word_1_258' title='bbox 935 3656 1054 3707; x_wconf 76' lang='lat' dir='ltr'>mewa</span> <span class='ocrx_word' id='word_1_259' title='bbox 1068 3662 1153 3709; x_wconf 80' lang='lat' dir='ltr'>cena·</span> 
     </span>
     <span class='ocr_line' id='line_1_36' title="bbox 148 3720 1153 3823; baseline 0.002 -33"><span class='ocrx_word' id='word_1_260' title='bbox 148 3744 228 3823; x_wconf 69' lang='lat' dir='ltr'>mitt.</span> <span class='ocrx_word' id='word_1_261' title='bbox 250 3723 374 3791; x_wconf 88' lang='lat' dir='ltr'>Iterum</span> <span class='ocrx_word' id='word_1_262' title='bbox 390 3721 447 3790; x_wconf 89' lang='lat' dir='ltr'>sub</span> <span class='ocrx_word' id='word_1_263' title='bbox 461 3723 558 3819; x_wconf 71' lang='lat' dir='ltr'>initia</span> <span class='ocrx_word' id='word_1_264' title='bbox 576 3721 839 3821; x_wconf 62' lang='lat' dir='ltr'>Dissertationis‚</span> <span class='ocrx_word' id='word_1_265' title='bbox 854 3720 1068 3821; x_wconf 73' lang='lat' dir='ltr'>posteaquam</span> <span class='ocrx_word' id='word_1_266' title='bbox 1130 3762 1153 3823; x_wconf 78' lang='lat'>‚⁶</span> 
     </span>
     <span class='ocr_line' id='line_1_37' title="bbox 148 3803 1155 3906; baseline 0.002 -32"><span class='ocrx_word' id='word_1_267' title='bbox 148 3823 237 3906; x_wconf 77' lang='lat' dir='ltr'>viter</span> <span class='ocrx_word' id='word_1_268' title='bbox 259 3805 391 3904; x_wconf 81' lang='lat' dir='ltr'>questus</span> <span class='ocrx_word' id='word_1_269' title='bbox 413 3803 462 3903; x_wconf 77' lang='lat' dir='ltr'>est</span> <span class='ocrx_word' id='word_1_270' title='bbox 485 3807 527 3872; x_wconf 88' lang='lat' dir='ltr'>de</span> <span class='ocrx_word' id='word_1_271' title='bbox 548 3826 666 3904; x_wconf 65' lang='lat' dir='ltr'>injuria</span> <span class='ocrx_word' id='word_1_272' title='bbox 688 3806 942 3888; x_wconf 89' lang='lat' dir='ltr'>nonnullorum,</span> <span class='ocrx_word' id='word_1_273' title='bbox 966 3828 1022 3904; x_wconf 80' lang='lat' dir='ltr'>qui</span> <span class='ocrx_word' id='word_1_274' title='bbox 1041 3828 1093 3894; x_wconf 87' lang='lat' dir='ltr'>pri</span> <span class='ocrx_word' id='word_1_275' title='bbox 1109 3830 1155 3906; x_wconf 81' lang='lat' dir='ltr'>crs</span> 
     </span>
     <span class='ocr_line' id='line_1_38' title="bbox 147 3887 1151 4044; baseline 0 -85"><span class='ocrx_word' id='word_1_276' title='bbox 147 3890 547 4041; x_wconf 43' lang='lat' dir='ltr'>{Jemsstpriiguslaliahecililamdcs</span> <span class='ocrx_word' id='word_1_277' title='bbox 556 3887 960 4044; x_wconf 48' lang='lat' dir='ltr'>mdlgnacasiuppguemtm’</span> <span class='ocrx_word' id='word_1_278' title='bbox 970 3908 1151 4040; x_wconf 56' lang='grc' dir='ltr'>ιω-ῃῖἷιςιι.</span> 
     </span>
     <span class='ocr_line' id='line_1_39' title="bbox 148 3971 1154 4148; baseline 0.004 -24"><span class='ocrx_word' id='word_1_279' title='bbox 148 3971 364 4132; x_wconf 41' lang='lat' dir='ltr'>arium</span> <span class='ocrx_word' id='word_1_280' title='bbox 373 3972 1154 4148; x_wconf 47' lang='lat' dir='ltr'>mffssnisfim’ffffum,‘&#39;a”{iiafflass⁰ffissssm’sgss</span> 
     </span>
     <span class='ocr_line' id='line_1_40' title="bbox 146 4140 1156 4228; baseline 0.006 -23"><span class='ocrx_word' id='word_1_281' title='bbox 146 4150 223 4226; x_wconf 73' lang='lat' dir='ltr'>pta,</span> <span class='ocrx_word' id='word_1_282' title='bbox 244 4144 381 4208; x_wconf 66' lang='lat' dir='ltr'>manabit</span> <span class='ocrx_word' id='word_1_283' title='bbox 400 4141 591 4226; x_wconf 78' lang='lat' dir='ltr'>differendum</span> <span class='ocrx_word' id='word_1_284' title='bbox 599 4140 736 4226; x_wconf 82' lang='lat' dir='ltr'>suscepi,</span> <span class='ocrx_word' id='word_1_285' title='bbox 757 4154 793 4207; x_wconf 81' lang='lat' dir='ltr'>ut</span> <span class='ocrx_word' id='word_1_286' title='bbox 813 4140 1097 4228; x_wconf 72' lang='lat' dir='ltr'>hallucinationem,</span> <span class='ocrx_word' id='word_1_287' title='bbox 1117 4163 1156 4211; x_wconf 79' lang='lat' dir='ltr'>ne</span> 
     </span>
     <span class='ocr_line' id='line_1_41' title="bbox 147 4226 1152 4329; baseline -0.009 -27"><span class='ocrx_word' id='word_1_288' title='bbox 147 4226 822 4316; x_wconf 48' lang='lat' dir='ltr'>uuidgrwiuroe&#39;uaffmujuaicantiau,</span> <span class='ocrx_word' id='word_1_289' title='bbox 839 4227 1152 4329; x_wconf 61' lang='lat' dir='ltr'>miditatem</span> 
     </span>
    </p>
   </div>
   <div class='ocr_carea' id='block_1_11' title="bbox 1048 4307 1152 4399">
    <p class='ocr_par' dir='ltr' id='par_1_11' title="bbox 1048 4307 1152 4399">
     <span class='ocr_line' id='line_1_42' title="bbox 1048 4307 1152 4399; baseline 0 0"><span class='ocrx_word' id='word_1_290' title='bbox 1048 4307 1152 4399; x_wconf 56' lang='lat' dir='ltr'>sim</span> 
     </span>
    </p>
   </div>
   <div class='ocr_carea' id='block_1_12' title="bbox 0 0 1302 4920">
    <p class='ocr_par' dir='ltr' id='par_1_12' title="bbox 0 0 1302 4920">
     <span class='ocr_line' id='line_1_43' title="bbox 0 0 1302 4920; baseline 0 0"><span class='ocrx_word' id='word_1_291' title='bbox 0 0 1302 4920; x_wconf 95' lang='lat' dir='ltr'> </span> 
     </span>
    </p>
   </div>
  </div>
 </body>
</html>
