2580 5076
231 602 794 733 proseria-lero
840 647 894 721 1..
943 701 954 711 .
996 675 1072 750 μζ

70 802 187 863 cuono
202 803 376 863 mentionem
392 800 431 858 ibi
442 799 516 859 inter
530 796 730 874 antiquiffimos
743 797 784 858 Po
803 798 844 858 uli
852 799 975 861 Romani
1007 806 1070 864 riu.

68 879 163 953 cipes,
183 877 210 935 id
226 872 269 937 'est
288 878 359 935 inter
379 875 550 944 Romulum,
569 875 753 949 Tarquinium
773 815 910 948 fftifcum,
927 894 961 937 ac
982 820 1072 941 deins

69 970 136 1029 ceps
152 954 281 1012 Attilium
294 952 448 1027 Regulum,
468 952 601 1018 Scauros,
621 952 752 1020 Paulum,
764 951 1070 1024 Fabricium,Crrriunr'

68 1044 102 1087 ac
121 1031 268 1088 Camillum
286 1030 366 1087 velut
379 1027 472 1086 medio
486 1040 613 1105 tempore
626 1029 745 1085 viventis
761 1027 836 1096 fieri,
856 1029 967 1089 mrbato
980 1035 1066 1111 peni:

67 1118 113 1163 tus
129 1107 229 1163 ordine
244 1103 271 1162 ἃ
285 1105 352 1179 serie
366 1105 498 1181 temporis
513 1103 540 1162 dc
555 1104 642 1161 totius
657 1102 788 1161 historiae
801 1104 962 1176 Romanae,
976 1104 1072 1170 cous*

65 1183 96 1240 in
123 1184 221 1240 ceteris
243 1182 289 1238 hic
309 1183 438 1238 omnibus
460 1173 708 1240 observantiffimus
730 1178 770 1237 est
790 1181 887 1239 Poeta.
924 1127 1064 1256 Accedit,

89 1258 148 1315 uod
170 1275 223 1315 nec
241 1256 325 1315 letum
341 1258 456 1313 Catonis
469 1257 606 1331 pertineat
619 1254 653 1313 ad
666 1256 712 1313 illa
727 1254 842 1325 decora,
862 1256 937 1315 unde
949 1260 1069 1336 Populb'

64 1275 200 1393 Romano
218 1335 328 1407 publica
351 1332 419 1389 salus
441 1330 468 1387 de
489 1329 606 1405 dignitas
622 1330 823 1404 &magnitudo
836 1335 999 1410 amplificata
1012 1336 1068 1405 vel,

19 1444 42 1469 .·
65 1423 129 1467 orta
143 1409 234 1468 fuerit.
272 1405 444 1478 Huiusmodi
462 1409 537 1465 enim
551 1409 662 1466 Heroas
678 1408 752 1466 solos
769 1409 815 1467 hic
827 1411 954 1469 nominat
967 1408 1064 1472 Hora?

63 1486 127 1544 tius.
143 1484 212 1543 'Hoc
227 1483 246 1541 fi
260 1482 445 1560 perpendisset
459 1483 502 1540 Cl.
517 1483 674 1554 Bentlejus,
688 1500 746 1541 non
760 1483 904 1545 divinasset
916 1505 980 1545 utute
991 1486 1067 1546 Cur-⁶

63 1561 192 1634 “Nobile
204 1562 289 1619 onor.
320 1562 424 1634 Neque
443 1560 518 1616 enirn
538 1576 612 1618 mors
632 1558 815 1620 adolescentis
836 1562 924 1632 illius,
946 1565 981 1621 ab
996 1563 1066 1641 ipso'

64 1639 150 1696 etiam
164 1635 249 1695 Livio
263 1637 291 1694 in
307 1635 421 1694 dubium
434 1648 549 1705 vocata,
570 1637 630 1694 talis
643 1635 710 1705 suit,
724 1649 755 1695 ut
768 1639 794 1695 ei
809 1637 883 1696 inter
896 1651 988 1697 cetera
1001 1658 1058 1700 ma·

63 1711 240 1788 gnitudinem
260 1712 350 1782 suam,
369 1712 487 1787 gloriam
509 1712 758 1788 &amplitudinem
771 1714 897 1789 Populus
910 1709 1068 1776 Romanuo'

65 1789 184 1856 debeat,
206 1798 253 1846 aut
267 1787 370 1847 debere
388 1788 492 1846 censeri
504 1788 595 1863 pollit.
625 1789 708 1847 Unde
721 1807 773 1847 nec
788 1792 878 1848 Curtii
890 1791 961 1851 illius
973 1787 1065 1853 ullibi²

62 1866 237 1937 mentionem
257 1863 323 1925 facit
334 1866 479 1924 Horatius.
520 1867 610 1923 Unice
625 1862 661 1923 lic
673 1866 828 1925 Venusinus
843 1868 930 1926 Poeta
943 1871 999 1927 hoc
1012 1871 1064 1928 lon

65 1959 120 2010 co,
131 1940 215 2016 idque
227 1943 323 2017 exigua
337 1958 369 1999 ac
381 1959 455 2017 pene
468 1939 541 2001 nulla
555 1944 709 2004 mutatione
723 1942 909 2004 emendandus
923 1945 962 2004 eli
971 1990 978 2017 ,
987 1948 1062 2006 con-'
1093 1971 1096 1975 ’

10 2074 26 2095 ,
60 2020 169 2092 tinuata
182 2016 250 2077 serie
263 2019 416 2078 orationis:
461 2033 463 2037 ⁴

98 2094 101 2098 ⁸
170 2129 176 2139 -
247 2092 596 2169 Romulumpostlusprius,
614 2097 767 2170 requietum

247 2168 396 2246 Pompilire
451 2191 475 2229 m
486 2190 631 2240 memorem,
646 2173 801 2248 onsraprrbos

249 2245 375 2325 Tarquini
380 2189 477 2327 We,
496 2249 594 2320 dubiam·
613 2265 685 2308 anne
700 2264 813 2310 cantans

650 2326 743 2385 Nobile
755 2331 850 2398 letum,

244 2399 390 2479 Regulum,
410 2399 447 2472 δ’
459 2401 567 2462 Scauros
577 2406 719 2479 omneque
727 2423 833 2483 magone

242 2478 402 2555 Prodigum,
425 2476 660 2558 Poenosupemrue,
682 2478 797 2541 Paulum
854 2547 856 2551 ,

242 2555 338 2614 Gratus
351 2554 445 2634 infigni
462 2554 566 2633 referum
582 2557 758 2691 &wabini

55 2710 166 2770 Omnia
184 2708 253 2781 haee
273 2725 328 2767 una
344 2708 413 2767 serie
431 2707 575 2778 dicuntur;
593 2706 677 2766 &ita
695 2707 766 2769 ditm
786 2708 841 2766 elie
856 2710 891 2767 ab
904 2711 1044 2779 Horatio,

53 2786 149 2845 statim
170 2785 301 2843 attentior
320 2785 460 2861 adspectus
477 2784 599 2842 docebit.
634 2781 704 2842 Post'
714 2785 782 2853 hos,
802 2784 908 2858 inquit,
927 2786 1050 2844 Deos&

51 2864 189 2925 Deorum
204 2862 273 2919 lilios
286 2862 421 2921 Romanis
435 2861 605 2919 faventiores
618 2858 716 2928 dubiam
735 2856 924 2918 Romulumne
936 2880 969 2917 on
982 2864 1012 2919 N
1015 2880 1044 2920 u·

49 2956 132 2998 anam
146 2938 311 3012 Pompilium
324 2939 546 3014 Tarquiniumve
560 2936 681 2995 Priscum
695 2936 1051 3021 ejusquemagnificentiam

51 3031 201 3082 moero,
219 3032 282 3072 antu
298 3033 368 3074 vero
389 3015 514 3072 Attilium
530 3013 658 3090 Regulum
669 3010 789 3087 referor,
809 3015 868 3086 ejus
878 3012 958 3069 nobile
970 3015 1056 3071 lerum·

53 3091 190 3152 videlicet
203 3103 318 3161 cmaou,
327 3091 406 3168 quod
419 3092 544 3169 inprimis
557 3092 586 3149 in
604 3086 718 3149 historia
730 3090 857 3149 Romana
869 3086 1055 3149 memorabile

52 3167 116 3237 est,
136 3182 168 3226 ut
181 3167 352 3238 &Scauros,
370 3168 501 3238 Paulum,
521 3169 691 3236 Fabricium,
708 3180 874 3242 ceterosque
887 3165 1050 3238 hujusmodi

73 3244 183 3308 oblitae
206 3245 297 3304 salutis
315 3263 346 3303 ae
366 3247 471 3322 patriae
492 3243 620 3304 custodes
639 3245 842 3320 principesque.
862 3242 935 3378 jam
948 3244 1051 3320 Reguli

49 3265 143 3380 fetum
162 3335 347 3393 memoratur,
368 3322 409 3380 uti
420 3339 470 3399 par
482 3335 549 3399 erat.
590 3322 662 3380 Cum
674 3336 771 3378 contra
782 3319 861 3379 abiitr
881 3320 967 3379 iffimd
980 3321 1047 3380 alte-

49 3400 110 3458 rius
124 3399 277 3473 cujuspiam
289 3415 365 3456 mors
377 3397 639 3467 nominatafuillet,
653 3415 705 3456 nec
720 3399 868 3531 quicguam
880 3395 916 3454 de
932 3397 1046 3472 Regulo

50 3476 138 3545 huius
161 3475 239 3533 caula
260 3477 408 3551 praecipue
420 3473 666 3535 commemorando
680 3472 735 3533 tale
749 3471 783 3531 ad
803 3474 872 3532 itum
886 3472 961 3531 ellet.
986 3471 1051 3546 Ipse

49 3552 190 3611 Horatius
208 3552 273 3610 Lib.
292 3569 340 3610 rrr.
363 3550 420 3619 Od,
440 3570 468 3611 v.
490 3553 544 3610 late
561 3551 645 3610 docet
665 3549 821 3618 diiudicat,
840 3561 943 3625 quanta
956 3547 1047 3622 gloria

53 3625 126 3686 illud
139 3626 241 3701 Reguli
256 3628 342 3702 letum
352 3627 518 3698 judicaverit
531 3628 584 3686 eise
597 3627 720 3702 dignum.
746 3626 837 3684 Facile
853 3636 981 3708 apparet,
990 3640 1047 3706 uro

49 3703 89 3762 de
111 3705 265 3761 inveterata
288 3699 516 3780 &antiquiffima
537 3705 583 3762 illa
597 3703 697 3763 menda
710 3703 830 3763 fluxerit.
855 3703 968 3777 Nempe
981 3717 1047 3760 cum

45 3776 1056 3932 aaa‘lta,⁶liitll‘0ltllt0llsllit¹illummatio·

47 3944 111 3991 erat
125 3945 335 4006 argumentum,
356 3933 510 4003 &deinde,
532 3945 563 3990 ut
575 3931 670 3992 versus
684 3932 732 3989 fibi
746 3930 900 3999 constaret,
915 3946 968 4006 pro
982 3946 1048 3989 onae

48 4008 185 4084 seriptum
205 4027 256 4079 oo,
276 4009 372 4068 omilia
392 4011 492 4086 syllaba
505 4007 669 4091 posteriore.
708 4008 917 4084 Etopportune
928 4007 985 4078 jam
998 4024 1043 4066 ce·

46 4084 217 4144 leberrimua
229 4086 372 4157 Bentlejus
385 4086 557 4153 observavit,
577 4084 732 4143 Ausonltun
748 4083 797 4142 suo
811 4082 900 4141 adhuc
913 4094 1041 4159 tempore

48 4163 102 4221 hic
121 4178 187 4227 onae
204 4162 234 4224 in
249 4165 371 4224 Horatio
383 4163 476 4239 legille
490 4160 597 4298 videlpil}
613 4177 698 4237 quem
708 4160 820 4222 Libello
836 4159 871 4220 de
885 4158 1056 4296 l'rofeii'rtmi-⁸
1130 4214 1132 4221 ,
