2580 5076
140 100 411 194 RESCRIPTA
436 112 743 190 noxiionmo.
770 114 853 189 cii.
877 114 926 187 v.
989 129 1056 218 33,

52 236 157 303 delere
170 235 295 318 eligere,
319 249 393 314 quoe
408 233 490 295 uires
503 232 616 319 ingenii
635 252 694 298 nori
710 236 833 299 excedit.
878 234 950 300 Colo

137 314 450 467 Metfflqbuutmque
465 318 562 395 decet,
577 319 763 402 propriisque
772 317 882 402 juderi

58 502 244 573 quanquam
265 480 376 549 versus
401 482 457 548 hic
478 482 599 549 Aviani
623 480 698 565 est,
729 501 786 552 aut
805 485 939 552 alteriue
953 486 1061 570 cuiue·

80 588 144 653 ue,
216 568 224 583 ’
241 584 318 633 eum
331 568 463 632 Avieno
479 562 670 651 supposuit,
694 565 860 634 Catonem
876 583 988 636 tamen
1004 570 1062 637 bic

95 587 227 739 ion&¹
283 646 495 717 demonstrari
520 664 628 734 puto:
660 663 696 714 tu
718 651 818 733 vido,
840 672 922 736 quae
946 668 1064 721 notata

55 732 159 804 nobie
179 730 254 801 sunt
273 733 315 800 ad
329 733 448 799 Aviani
465 729 610 798 fabulam
626 751 657 798 v.
689 731 822 801 Horum
837 752 947 801 autem
962 735 1063 803 verbo

56 818 118 903 qui
135 816 338 899 confideret,
354 814 503 882 dubitare
519 815 655 899 nequit,
672 835 741 883 non
756 815 912 901 Librum,
928 817 986 884 sed
1001 819 1062 885 ho-

59 901 206 983 minem,
230 898 406 967 Ciitonisa
431 899 616 985 pellatione
632 898 818 984 significari.
841 900 887 968 Et
901 900 995 984 sarie,
1027 904 1064 971 ui

55 1000 181 1051 vocem
202 983 345 1070 aliquam
366 1003 385 1049 a
402 920 533 1049 garoue
547 978 590 1047 us
646 998 737 1049 atum
752 982 886 1066 scribit,
909 1003 946 1054 ut
960 923 1025 1053 ind
1048 1020 1064 1037 ·

55 1087 134 1151 rus,
153 1085 225 1134 non
247 1067 277 1133 ie
302 1066 435 1133 titulum
458 1065 588 1151 arguit,
624 1064 668 1130 ed
683 1067 899 1152 scriptorem.
940 1064 1063 1154 Neque

57 1150 177 1231 aliter,
199 1168 241 1216 ac
257 1148 494 1231 vindicianus,
511 1146 653 1215 lfidorus
663 1196 674 1230 ,
692 1148 826 1216 Horatii
837 1150 1063 1234 scholiastes,

56 1232 112 1301 illi
128 1234 328 1318 loquuntur,
344 1235 399 1319 qui
410 1232 571 1313 Homeri,
585 1230 717 1315 Virgilii
733 1248 789 1299 aut
804 1235 856 1316 cuj
919 1254 961 1300 uc
978 1234 1063 1302 alius

58 1316 240 1401 Scriptorie
261 1313 456 1384 sententiam
478 1313 659 1381 verbumve
680 1315 865 1413 profemnt.
937 1317 1003 1383 uod
1020 1317 1064 1389 ed

57 1396 185 1467 Libros
206 1397 324 1465 horum
348 1397 596 1480 Distichorum,
618 1413 753 1548 ineffua
773 1419 873 1469 manu
888 1417 1061 1485 exaratos,

700 1502 741 1563 e;

59 1482 203 1563 attinet3
225 1482 354 1567 fatcor,
378 1502 432 1549 me
455 1482 580 1548 nullum
604 1481 673 1547 vidi
762 1481 821 1551 sed
843 1502 1000 1580 quantum
1016 1503 1062 1553 ex

58 1563 152 1631 viiie
172 1564 299 1648 doiiie,
320 1567 375 1653 qiii
399 1585 459 1632 eos
477 1563 707 1650 inspexerunt:
730 1566 1063 1635 &bibliothecarum

57 1644 268 1798 publicarum
290 1648 480 1736 Catalogis,
503 1649 620 1734 quibus
645 1650 668 1715 ii
694 1648 911 1733 asservantur,
934 1672 1061 1738 cogno-

74 1750 153 1798 cere
175 1730 241 1799 fuit
263 1733 403 1801 dotum:
432 1751 569 1814 omnes,
592 1733 647 1817 qui
662 1730 914 1820 inscriptionem
928 1735 1061 1821 pracfe-

58 1830 138 1881 runt
161 1831 218 1882 aut
239 1815 390 1900 titulum,
415 1818 462 1882 ita
476 1815 613 1882 Catonis
628 1836 753 1884 nomen
767 1817 933 1901 formant,
956 1834 994 1886 ut
1008 1817 1059 1886 fa-

59 1898 128 1965 cile
143 1895 342 1985 perspicius,
365 1900 545 1966 Auctorem
562 1900 802 1996 eotsiguificaii.
838 1903 905 1970 Sed
920 1905 1008 1971 inter
1022 1923 1060 1969 o·
1193 1902 1196 1909 “

58 2000 155 2049 mnes
170 1984 231 2079 hos
247 1982 373 2069 priscos
390 1984 546 2063 codices,
569 2003 674 2069 prima
689 1987 774 2052 ratio
789 1984 839 2052 est
855 1983 1007 2053 habenda
1020 1987 1061 2054 il·

58 2065 141 2146 iius,
239 2066 322 2133 oiim
338 2067 502 2136 Simeonis
519 2067 605 2134 Bosii
622 2066 708 2147 fuit,
731 2069 880 2136 laudatus
896 2088 915 2133 a
930 2069 1059 2136 Vineto

57 2148 93 2215 dt
106 2084 286 2246 sufflare.
322 2150 409 2246 Eum
423 2169 563 2246 namque
580 2150 635 2214 hic
649 2151 784 2235 reliquis
799 2149 953 2217 omnibus
966 2167 1060 2217 ente·

85 2232 170 2297 onie
186 2168 341 2299 {iculum
355 2234 382 2299 is
398 2250 445 2299 ita
459 2231 612 2298 exbibet:
628 2230 835 2300 DIONYSII
850 2231 1060 2328 CATONIS

61 2397 70 2411 ⁸
98 2311 286 2409 isTicHn
307 2312 372 2383 DE
387 2314 591 2413 MQRiliUS
609 2311 672 2380 AD
689 2313 867 2384 FILIUM.
897 2317 933 2382 Si
948 2330 1061 2383 autem

58 2417 96 2464 in
112 2397 174 2463 ilio
188 2395 315 2465 CATO
332 2398 398 2486 ipsa
412 2398 505 2466 Libri
522 2394 694 2493 inscriptio
717 2412 815 2495 atque
831 2414 1061 2500 argumentum

58 2477 358 2661 §bilibit
366 2478 1061 2667 tteiipiiilliitsiisiisiiii

57 2643 154 2747 Libri
169 2645 272 2714 index
285 2649 351 2746 sive
366 2650 506 2718 titulus?
522 2666 580 2717 aut
595 2664 661 2732 ita,
684 2644 823 2734 Dionyse
838 2647 985 2753 culosque
997 2648 1063 2749 De·

50 2725 154 2831 slecbo
170 2730 207 2797 de
226 2734 388 2802 mulie?
411 2734 697 2835 'quemadmodum
721 2731 772 2799 M.
799 2732 893 2831 ⁸Tullo
914 2733 1062 2833 Cererem

57 2812 1063 2999 iimiussistiiiiiiibiiiii¹bti

56 2983 233 3065 dcimam
250 3004 348 3081 quem
363 2983 497 3067 Librum
512 2983 677 3054 Ausonius
691 2985 818 3082 Popmo
828 2983 1039 3083 §utonema'

55 3062 219 3212 pellang
229 3064 415 3165 'suspicatus
429 3068 494 3152 est,
518 3067 660 3165 sednon
677 3068 906 3166 addicentibus
920 3080 1001 3215 vege
1030 3086 1059 3133 ie

53 3164 254 3331 nitier
267 3151 411 3333 ieet.
422 3148 1061 3333 eruitecemeterii:

54 3312 151 3399 quod
171 3316 265 3383 addit
284 3319 453 3415 Scaliger,
476 3256 639 3385 gatonem
656 3317 828 3414 Maiorem
841 3317 988 3412 similiter
1003 3315 1060 3413 Li·

54 3394 153 3464 brum
167 3397 211 3465 de
226 3400 371 3470 moribus
386 3401 542 3488 scripsiiie
557 3400 600 3499 od
615 3399 723 3497 filium
736 3401 839 3498 suum.
861 3398 993 3498 Gellius
1002 3398 1058 3466 Li-

55 3476 152 3547 bium
176 3481 283 3567 hunc,
304 3506 420 3553 cortun
439 3492 474 3550 dc
492 3487 647 3559 moribus,
670 3480 863 3578 inscriptum
877 3485 980 3564 dicit,
1001 3482 1062 3551 sed

54 3564 100 3631 ed
114 3563 222 3633 filium
236 3564 394 3654 scriptum
410 3568 507 3636 suisio
520 3587 591 3635 non
606 3565 708 3633 addit.
730 3568 912 3655 Praecepta
919 3567 1060 3635 Catonis

53 3646 100 3718 ed
120 3648 230 3720 filium
254 3656 409 3723 meminit
432 3652 560 3723 Plinius
580 3648 657 3719 Lib.
676 3670 770 3729 xxix.
797 3649 879 3739 cap.
893 3671 918 3720 1.
930 3648 1062 3802 differe}
