723 1344
139 371 580 421 PRAEFATIO

175 458 387 483 TRAJECTINAE
399 459 541 478 EDITIONI

272 495 444 514 PRAEFIXA.

127 552 347 587 BENEVOLQ
369 553 543 579 LECTORI
563 555 590 580 S!

111 622 207 647 ae-fflaffi
212 622 251 642 Uae
259 621 321 643 cauffa
329 627 360 642 me
369 621 460 649 inpulerit
466 635 473 647 ,
485 625 507 643 ut
515 621 607 650 Dionysii

197 651 205 663 ’-
223 656 290 671 aureas
302 650 346 671 sane
357 650 469 671 Sententiam
482 649 606 671 extruderem

190 682 203 693 ι*
224 678 245 698 in
259 679 322 699 lucem
330 680 345 703 ‚'
356 678 440 699 breviter
448 678 469 699 δι
477 677 560 700 candide
573 685 607 699 ex-

111 695 207 720 ffiffiffi
222 712 301 733 ponam.
316 706 346 727 Cl.
356 707 512 734 Cannegieterus,
518 707 555 727 Vir
562 713 608 728 meo

110 735 174 759 major
191 734 296 761 praeconio
303 748 310 760 ‚
333 733 384 755 datis
398 740 445 756 ante
462 734 539 762 aliquod
558 739 607 756 tem—

112 768 148 789 pus
156 760 181 782 ad
190 768 222 783 me
230 762 300 787 literis,
314 763 376 784 amice
382 762 451 790 petiit,
464 769 509 784 cum
517 765 555 789 jam
565 762 608 784 Dis-

112 790 237 812 settationem
246 790 271 812 de
278 790 376 819 Dionysso
380 791 410 812 seu
417 790 609 818 RescriptaBoxhor-

112 817 148 839 nio
159 823 247 844 pararet,
261 824 283 839 ut
294 825 369 844 novae,
383 826 440 847 quam
458 820 509 846 lpse,
522 818 554 840 sed
567 818 608 840 aliis

113 852 161 868 tunc
171 845 270 867 disti-abins
278 847 374 875 negotiis,
383 846 523 871 meditabatur,
533 845 609 867 Editio-

112 875 144 897 nis
153 881 219 896 curam
226 875 248 895 in
255 881 286 895 me
294 875 410 902 susciperem.
425 874 462 895 Cui
471 874 520 895 Viro
529 878 551 895 ut
558 874 609 895 mul-

113 908 156 924 tum
167 902 241 927 debeo,
255 909 331 930 quoque
343 902 441 924 monitore
451 903 512 923 laetor
525 902 578 929 saepe
587 902 609 923 &

113 930 203 960 gaudeo,
213 929 238 951 fic
246 930 318 958 aliquid
326 931 380 957 hujus
389 931 465 959 generis
471 930 489 951 ei
498 929 608 959 denegare,

112 965 156 983 non
165 965 189 979 ex
196 965 217 980 re
222 959 285 980 nostra
291 959 387 980 duximus.
401 959 467 985 Quam
472 958 499 979 ob
503 965 544 980 rem
549 958 608 980 etiarn

113 986 139 1008 ad
153 994 196 1013 me,
212 987 342 1009 lubentiffime
354 985 413 1014 Iplius
421 986 524 1008 cedentem
532 987 609 1008 senten-

114 1016 153 1036 tiae
162 1022 221 1037 omne
229 1016 261 1041 id,
271 1015 323 1044 quod
332 1015 353 1036 in
362 1014 503 1036 instruffissima
511 1015 542 1036 sua
552 1014 608 1035 libra-

113 1044 142 1065 ria
151 1043 264 1071 supelleetile
272 1043 355 1069 latebat,
361 1043 383 1065 &
391 1044 444 1065 usum
453 1043 535 1070 aliquem
541 1041 565 1063 ad
574 1048 608 1063 ex-

114 1071 223 1104 0¹¹¹3¹¹d²¹l¹³
236 1072 298 1098 hanc,
312 1079 371 1100 quam
383 1072 437 1094 vides
446 1086 454 1097 ,
468 1070 550 1102 Catonig
562 1069 608 1091 Edi-

534 1103 609 1120 tionem
