2580 5076
10 39 106 347 Ι
1120 206 1139 213 -

1058 481 1064 492 1
1097 470 1103 483 Ι

196 670 260 730 tr
295 649 895 729 PRAEFATIONES.
996 675 1065 732 nv

63 833 1065 915 fflflfflffwd-fflffldfflw

304 993 810 1069 EXEDITIONE

124 1133 1017 1248 JOANchASP.MALscH1,1

206 1303 922 1369 FRANCOFURTENSI.u.n.cc.xx11.

237 1469 396 1562 Collegae,
410 1463 555 1558 Fratres,
570 1461 675 1539 Antici
687 1432 889 1566 unusliffimi.

66 1648 272 1804 Critonem
286 1646 436 1734 Majorere
453 1692 464 1729 ,
485 1641 602 1724 idest,
623 1639 867 1712 iustitutionem
891 1647 932 1714 A.-
949 1642 1071 1717 Murali

160 1732 357 1809 Puerilem,
381 1748 463 1813 quae
477 1748 580 1815 nuper
595 1726 726 1793 anobis
741 1728 876 1812 publica
894 1729 980 1796 facta
997 1730 1044 1798 est
1052 1780 1066 1815 ,

68 1817 229 1900 excipit,
251 1811 530 1896 quemadmodum
542 1824 602 1877 uos
616 1808 761 1877 fassurus
777 1811 925 1896 polliciti
943 1811 1069 1898 sumus,

70 1898 108 1963 in
132 1893 307 1980 praesenti
333 1895 405 1958 cuo
426 1892 547 1978 Major,
567 1911 634 1959 non
652 1895 765 1979 utique
787 1894 847 1959 ille
871 1893 1070 1979 Censorius,

97 1996 179 2043 uem
195 1993 340 2042 errorem
356 1976 450 2041 errari
462 1974 528 2058 ium
541 1976 619 2043 olim
634 1976 772 2044 desitum
785 1975 833 2043 est
849 2023 860 2058 ,
882 1976 940 2045 sed
959 1980 1073 2063 Diony·

72 1997 133 2145 21’,
145 2057 260 2125 nescio
281 2059 391 2140 cujus,
427 2059 537 2208 gfff
551 2063 586 2127 de
600 2059 739 2127 Muribus
754 2063 792 2127 ud
804 2060 927 2129 Filium.
952 2061 1073 2130 Caete-

76 2162 169 2223 rum,
192 2161 253 2228 qua
276 2142 405 2208 ratione
468 2146 475 2159 '
510 2141 589 2228 pstor
611 2142 689 2226 iste,
713 2145 852 2230 quisquis
877 2145 934 2213 ille
950 2144 1015 2229 eil,
1038 2147 1074 2215 in

69 2224 239 2315 prosapiam
257 2224 402 2292 &tonum
416 2226 590 2307 involarit,
614 2242 680 2293 tam
695 2224 783 2309 scio,
805 2247 900 2313 quam
915 2231 970 2316 qui
985 2246 1072 2298 nans

78 2310 225 2390 Taurum
256 2322 405 2375 montem
433 2310 596 2377 incolunt.
639 2309 742 2378 Voffii
772 2312 972 2394 conjedlatio
1002 2311 1070 2395 est,

76 2411 215 2478 eamque
229 2393 381 2478 plerique
396 2413 484 2460 nunc
498 2395 701 2460 eruditorum
711 2392 885 2478 sequuntur
946 2397 1071 2463 uamvis

77 2478 111 2544 id
136 2475 244 2563 ipsum
262 2477 330 2560 jnm
353 2493 428 2542 ante
456 2476 597 2543 Voffium
615 2476 718 2544 video
734 2475 857 2544 senfille
872 2415 1073 2545 13th

74 2560 263 2627 Flauiumin
283 2559 411 2646 Conjedl.
427 2557 494 2639 siue
518 2560 677 2638 Obseruot.
702 2558 862 2645 Centurio,
889 2561 971 2648 Cup.
989 2575 1069 2630 xcv.

79 2645 156 2710 ideo
190 2645 311 2710 &tonis
343 2643 423 2709 huic
452 2641 567 2709 libello
597 2643 739 2709 inditum
768 2644 832 2709 eise
863 2665 1072 2730 cognomen;

80 2730 154 2876 puis
168 2725 348 2793 sententias
364 2727 554 2793 contineret
570 2772 585 2807 ,,
605 2727 659 2791 vel
677 2723 749 2810 ipso
762 2726 823 2793 illo
840 2727 969 2794 Catone
986 2728 1074 2796 Cen·

97 2810 201 2890 orio,
231 2810 286 2875 cui
315 2807 473 2896 sapientis
495 2809 758 2894 appellationem
786 2811 944 2883 tribuerat
972 2809 1076 2878 seculi

85 2889 135 2959 sui
149 2890 335 2972 consensu,
355 2912 424 2960 non
439 2893 600 2977 indignas.
640 2890 793 2973 Exstant,
816 2910 852 2959 ut
876 2893 1016 2979 opinor,
1037 2894 1075 2961 in

86 2975 231 3041 Editiune
251 2970 442 3058 Daueniant,
471 2994 566 3060 quam
593 2972 935 3061 peradulescentulum
958 2995 1011 3042 me
1028 2976 1079 3040 vi·

84 3057 169 3125 dere
185 3058 339 3139 memini,
361 3056 497 3125 aliorum
516 3059 600 3124 aliae
616 3058 842 3142 opinationes:
856 3077 989 3143 quarum
1005 3059 1077 3125 nul·

84 3144 116 3210 la
137 3141 247 3206 minus
267 3141 444 3226 probabilis
469 3140 540 3223 est,
586 3158 659 3205 uam
676 3140 754 3223 ilia,
776 3139 833 3208 nisi
848 3141 965 3226 fallor,
989 3142 1078 3210 Box⁴

84 3220 220 3305 botuli,
235 3226 290 3309 qui
308 3224 526 3291 Christianum
542 3160 636 3289 ilium
650 3223 745 3291 facit.
769 3226 802 3292 si
816 3225 993 3312 jussaeque
1010 3222 1079 3307 est,

83 3311 116 3375 in
141 3308 285 3373 comitio
308 3307 479 3388 literario,
499 3307 559 3373 ubi
577 3308 619 3373 de
641 3309 817 3390 maximin,
840 3310 1082 3397 mediopumis,

84 3391 229 3457 minimis
247 3389 342 3456 rebus
358 3389 497 3457 subinde
513 3388 735 3476 disceptatur,
759 3393 900 3477 aliquem
923 3413 964 3462 ex
979 3392 1081 3478 plebe

87 3492 268 3540 memorem
294 3474 455 3541 libertatis
478 3475 641 3540 literariae
663 3485 785 3540 vocem
800 3477 951 3543 emittere
968 3475 1010 3539 ad
1025 3473 1082 3537 tri·

90 3557 193 3623 bunos
209 3558 392 3623 literatius:
417 3557 527 3624 dicam
543 3558 573 3624 dt
588 3556 677 3644 ipse,
701 3558 780 3643 quid
796 3557 954 3638 sentiam3
974 3571 1083 3638 eoque

91 3639 270 3722 impunius,
283 3657 320 3705 ut
335 3639 431 3725 spero
442 3662 452 3721 ;
462 3643 537 3725 quia
548 3689 558 3722 ,
568 3642 805 3727 quoquomodo
822 3638 993 3705 decidatur
1002 3654 1083 3709 con·

93 3723 262 3805 troverfia,
278 3739 430 3789 neutram
446 3725 480 3790 in
496 3743 620 3809 partem
635 3726 807 3812 quicquam
822 3720 968 3789 interest.

129 3804 204 3889 Ego
224 3803 387 3892 suspicor,
412 3807 588 3892 Dionpfium
608 3810 711 3884 illum,
735 3806 938 3873 cuicuimodi
958 3803 1083 3889 fuerit,

88 3886 131 3953 de
147 3908 213 3974 quo
252 3888 304 3956 ost
319 3891 437 3958 videro
447 3914 459 3972 3
475 3891 507 3957 in
525 3891 705 3960 scribendis
723 3888 810 3955 hisce
826 3886 1084 3956 moralibussen·

90 3974 203 4040 tentiis
279 3993 361 4038 onem
375 3972 469 4040 istum
485 3975 651 4060 Sapientem
656 3975 811 4058 secutum,
832 3991 865 4040 at
887 3991 929 4039 ue
944 3993 986 4040 ex
1002 3975 1085 4058 ejus·

90 4055 164 4122 dem
182 4054 315 4140 scriptis
331 4057 410 4137 has,
426 4074 502 4143 quas
519 4055 679 4124 adsiliunt
693 3993 1089 4147 mitteret‚(beneviven3

91 4137 123 4206 di
152 4140 409 4226 praeceptiones
443 4137 637 4213 efformaffe.
681 4137 795 4211 Exstat
819 4143 907 4211 enim
938 4140 1031 4286 auls}
1049 4139 1088 4202 A·

974 4240 995 4287 e
1022 4236 1089 4286 tum
