2580 5076
223 658 305 769 mv
443 691 1029 770 nnntcn‘rrouns

223 844 321 924 mihi,
345 856 414 909 turn
436 842 566 992 ofitimo
579 841 697 926 cuique
712 836 840 927 semper
851 838 1023 914 satisfecit.
1047 846 1142 915 Vale.
1163 848 1227 919 En·

225 923 442 999 celeberrima
486 923 671 991 aulannensr
686 924 889 1007 Academia,
912 928 945 995 in
963 949 1015 996 ma
1038 931 1216 1000 nific'entim

223 1009 376 1161 iffi}
405 1027 444 1158 if
470 1007 769 1161 Εοιξῧιῑίῆῑωοωω
790 1007 983 1104 Principum
1008 950 1218 1092 germensium

375 1140 388 1174 ‚
440 1140 448 1158 .
498 1141 505 1161 .
590 1137 598 1155 .

223 1423 379 1595 Ejgzdcmo
396 1425 530 1597 dorderlagir
547 1423 832 1618 {caca{lagareammiralio}³
843 1425 973 1596 ischalin}
986 1428 1215 1616 ‘maxsimeaero

275 1541 364 1710 hisp?
374 1547 754 1720 mones‘ilutasctipais.
831 1547 847 1596 r
898 1538 944 1633 ‘pt
1001 1546 1052 1596 am
1080 1544 1212 1618 ‘qm-

225 1799 328 1952 EX
349 1800 603 1870 dostiffimorum
624 1801 752 1886 judicio
773 1801 969 1890 iampridem
980 1801 1055 1869 satis
1070 1799 1218 1892 constat,

312 1884 407 1968 hujus
422 1887 532 1969 operis
547 1885 719 1953 authorem
735 1888 896 1972 incertum
912 1885 994 1953 elle:
1010 1884 1065 1953 sed
1079 1887 1221 1972 quisquis

227 1965 361 2043 tandem
384 1965 512 2049 fuerit,
543 1983 679 2051 apparet
701 1970 872 2039 hominem
894 1970 1069 2037 Eruditum
1091 1971 1122 2037 δι
1145 1989 1221 2067 pru·

226 2047 362 2117 dentem
377 2047 480 2114 fuisse.
518 2047 606 2114 Nam
620 2048 652 2127 ἀ
666 2066 798 2116 carmen
813 2069 875 2135 pro
892 2055 1076 2134 argumenti
1092 2068 1223 2133 ratione

226 2127 398 2207 venustum
413 2129 459 2196 est
468 2180 479 2213 ‚
498 2130 730 2215 Romanaeque
746 2129 896 2217 Linguae
909 2133 1107 2211 munditiem
1123 2151 1222 2222 atque

225 2213 281 2278 ele
305 2214 427 2290 antiam
443 2211 592 2289 redolet;
609 2209 837 2279 &sententiae
855 2208 942 2295 ipsae
958 2230 1074 2297 magna
1091 2232 1133 2292 ex
1149 2235 1222 2301 par·

226 2309 263 2362 te
282 2231 358 2372 iuna
382 2295 567 2390 exquilitae.
609 2292 687 2361 Nec
711 2313 792 2360 vero
815 2293 898 2377 mihi
920 2293 1057 2371 dubium
1080 2293 1222 2379 estquin

225 2397 281 2444 eas
296 2376 416 2453 author
432 2379 489 2441 ille
514 2397 645 2458 eumer
661 2375 800 2453 aliorum
816 2390 985 2455 veterum,
1010 2391 1078 2442 tum
1096 2380 1222 2473 praeci·

224 2478 292 2548 pue
314 2477 356 2552 εξ
377 2458 512 2539 illorum
535 2459 663 2555 [eptem
678 2459 720 2524 Sa
745 2458 868 2524 lentum
883 2456 978 2524 distis
993 2458 1222 2543 insignioribus

249 2623 369 2710 uidque
392 2625 560 2692 arbitratu.
598 2625 665 2693 Sed
695 2625 775 2691 mibi
806 2640 915 2703 tamen
937 2627 999 2706 (ut
1022 2621 1222 2693 Terentiani

257 2709 412 2775 bremetis
432 2709 536 2776 verbo
557 2707 650 2792 utar)
672 2726 753 2785 unus
768 2706 866 2784 restat
881 2706 1069 2792 scrupulus,
1092 2709 1147 2792 qui
1168 2729 1223 2775 me

225 2793 312 2873 male
337 2792 447 2875 habet,
492 2793 606 2889 Quum
627 2792 715 2859 enim
736 2810 869 2871 carmen
883 2789 1024 2858 scribere
1039 2792 1228 2884 instituisset

225 2877 347 2943 author
368 2876 448 2958 ille,
471 2895 529 2959 cur
549 2891 728 2963 praecepta
748 2876 831 2941 haec
853 2874 960 2942 soluta
983 2875 1137 2956 oratione
1152 2896 1222 2959 car·

225 2960 309 3028 mini
326 2957 532 3045 praeposuit:
554 2970 655 3044 quum
672 2956 861 3045 praesertim
874 2977 938 3024 nec
954 2976 993 3023 ea
1009 2959 1142 3043 omnia,
1157 2979 1222 3039 nec

225 3045 348 3127 eodem
363 3044 479 3123 ordine
494 3045 528 3124 in
544 3061 677 3109 carmen
693 3042 885 3128 redegerit?
906 3041 1101 3125 Praeterea,
1123 3060 1223 3127 quum

225 3129 331 3196 tribus
354 3126 464 3194 Libris
486 3123 723 3212 posterioribus
738 3126 863 3222 singula
878 3124 1015 3191 exordia
1029 3125 1062 3191 ln
1076 3125 1225 3213 carmine

226 3210 435 3296 praefixerit:
459 3229 517 3276 cur
538 3208 628 3275 idem
648 3227 717 3274 non
739 3208 824 3274 fecit
839 3209 872 3273 in
889 3208 1017 3291 primo,
1040 3201 1221 3288 ubimulta

227 3294 331 3377 magis
347 3310 431 3377 opus
449 3292 544 3358 erat?
561 3289 743 3357 Verisimile
758 3288 807 3355 est
822 3290 939 3386 igitur,
957 3280 1051 3353 illum
1072 3302 1147 3353 ante
1163 3286 1220 3352 de·

228 3372 367 3456 crevisse
383 3375 417 3440 in
433 3389 542 3441 totum
558 3372 780 3459 opusculum,
803 3371 858 3437 ubi
874 3362 1079 3451 ablolvillet,
1101 3369 1220 3435 carmi·

227 3478 271 3526 ne
286 3455 447 3545 praefari,
468 3456 619 3523 sedante
636 3456 747 3539 operis
760 3447 1002 3544 perfeflionem
1019 3470 1127 3520 morte
1142 3449 1225 3527 fuis·¹

227 3541 262 3609 se
279 3556 479 3626 occupatum
494 3562 503 3607 :
528 3540 614 3607 banc
628 3555 739 3617 autem
753 3532 1071 3628 praefatiunculam,
1090 3537 1226 3625 &quae-

227 3624 403 3713 sequuntur
426 3642 498 3694 eam
514 3620 696 3695 brevissima
711 3620 769 3689 illa
783 3637 963 3710 praecepta
980 3619 1015 3705 in
1059 3617 1131 3704 rosa
1147 3639 1221 3689 ora·

228 3709 342 3792 tione,
365 3710 405 3775 ab
422 3709 531 3793 aliquo
549 3690 731 3785 seminudo,
755 3702 891 3770 carmini
906 3639 1091 3797 praepogta
1107 3701 1220 3771 fuiffer

224 2543 369 2776 {nimum
392 2543 570 2627 collegerat
582 2588 595 2624 ,
627 2540 704 2609 dein
730 2561 749 2608 e
772 2543 915 2608 carmine
938 2544 1131 2625 exornant,
1161 2541 1221 2610 suo

227 3809 271 3858 ne
293 3790 443 3862 Libellus
465 3787 553 3877 ipse,
574 3786 641 3855 line
663 3786 735 3868 ullo
751 3784 916 3873 exqrdio,
938 3779 1154 3870 imperfectus
1171 3786 1223 3852 vi·'

228 3874 372 3954 deretur.
411 3874 561 3944 Pluribus
577 3870 776 3954 argumentis
793 3869 834 3954 ad
850 3887 922 3934 eam
937 3887 1007 3934 rem
1024 3868 1221 3936 confirman-

229 3957 306 4038 dam
326 3958 372 4025 uti
399 3956 531 4041 quidem
553 3952 745 4043 potuiiiem:
768 3948 824 4022 sed
847 3949 927 4040 mibi
948 3949 1023 4020 satis
1044 3949 1146 4017 visum
1170 3948 1219 4016 est

228 4057 339 4126 meum
355 4039 504 4106 breviter
519 4037 672 4106 indicalle
686 4037 857 4129 judicium.
895 4033 950 4101 De
966 4033 1127 4140 qudquid
1143 4051 1223 4117 caea

120 4188 123 4193 -
228 4123 292 4208 teri
307 4119 518 4209 existimaturi
531 4123 673 4212 liutnou
686 4120 928 4213 vaidelahoro,

1150 4261 1223 4350 ‚EX
